1851 2474
699 157 817 211 »ἓξ
879 151 1079 215 ὶιτσ(
1139 154 1257 210 ἰδέα

429 279 644 331 ponantur
695 269 879 326 cuspides
926 283 1055 320 acus,
1105 277 1230 323 atque
1278 261 1405 317 haee,
1456 274 1538 317 ope
1580 261 1707 305 limae

432 352 557 382 more
591 335 813 385 consueto,
849 335 907 376 ita
940 333 1260 388 aequilibretur‚
1302 340 1350 372 vt
1383 339 1576 371 centrum
1609 340 1705 382 gra-

427 403 573 444 vitatis
608 401 720 449 eius,
764 412 892 454 quam
926 399 1016 440 fieri
1049 397 1207 452 potest,
1257 396 1454 450 proxime
1489 394 1532 432 in
1568 391 1701 433 medi-

427 474 502 505 um
537 466 628 504 axis
661 464 836 518 pustum
878 463 998 503 cadat
1049 460 1129 518 (f).
1209 459 1327 502 Acus
1362 461 1420 500 ita
1454 456 1699 511 aequilibra-

1630 529 1697 560 tae

279 653 352 708 (s)
376 655 412 695 Si
443 663 594 690 centrum
631 656 800 702 grauitatis
839 666 913 690 acus
955 652 992 702 ι)
1017 655 1131 690 exacte
1158 652 1199 687 ad
1224 663 1374 689 centrum
1399 656 1467 687 axis
1494 665 1564 689 acus
1587 653 1702 691 reduci

435 705 544 754 posset
569 713 605 739 et
643 704 684 754 2)
709 707 742 740 in
767 715 960 755 quacunque
986 716 1059 738 acus
1096 701 1296 753 obliquitate
1320 706 1353 738 in
1378 703 1434 736 isto
1457 702 1530 737 loco
1554 703 1704 750 perseue-

436 765 539 790 raret:
583 766 656 789 acus
694 754 894 790 inclinatoria
933 754 1085 790 haetenus
1122 752 1282 802 deleripta
1326 753 1453 789 summo
1498 753 1703 799 pcrftd⁷oais

437 804 540 852 gradu
566 803 743 852 gauderet.
770 806 943 853 proptereat
969 804 1078 853 quod,
1116 803 1260 839 fiifiione
1287 803 1429 839 artificiis
1455 800 1555 837 modo
1580 806 1707 848 expofi·

440 858 484 889 tis
510 853 564 888 vel
589 855 744 890 destructa
770 855 824 889 vel
851 865 942 889 certe
968 854 1137 890 insensibili
1166 855 1309 891 reddita,
1349 852 1421 887 talis
1446 863 1536 889 acus.
1577 854 1611 886 vi
1637 865 1707 887 ma·

441 907 573 952 gnetica
612 904 737 940 imbuta
763 916 798 940 et
824 907 917 953 {uper
949 902 1052 939 fulcro
1085 905 1296 940 inmeridiano
1332 904 1518 950 magnetico
1557 901 1707 944 mobilis,

438 957 475 989 in
501 953 585 990 nulla
611 954 671 989 alia
695 954 891 1004 obliquitate
917 955 1082 1002 quiescere
1108 956 1232 1001 posset,
1264 963 1393 1000 praeter
1419 964 1492 986 eam
1505 978 1511 990 ,2
1545 964 1628 1000 quae
1653 965 1708 987 ae·

441 1003 544 1053 qualis
571 1006 615 1039 est
639 1016 736 1039 verae
762 1004 960 1040 inclinationi
993 1009 1205 1051 magneticae.
1258 1003 1348 1039 Prius
1373 1004 1463 1053 quod
1488 1005 1626 1048 attinet3
1651 1001 1709 1037 ab·

430 1054 623 1088 terrationes
661 1056 735 1089 fitus
774 1057 878 1090 centri
915 1057 1082 1100 grauitatis
1108 1055 1148 1089 ab
1187 1064 1248 1087 axe
1287 1064 1359 1086 acus
1386 1051 1553 1094 tantillae,
1590 1065 1628 1090 vt
1652 1050 1709 1087 vel

437 1102 645 1138 dexterrimo
670 1104 786 1138 artifici
813 1102 1016 1137 ineuitabiles
1041 1107 1115 1139 sint,
1153 1106 1218 1137 iarn
1244 1104 1370 1136 efficere
1395 1102 1542 1150 possunt,
1573 1113 1610 1136 vt
1635 1106 1735 1137 acus‘

436 1156 473 1187 vi
500 1155 682 1198 magnetica
707 1152 834 1185 imbuta
860 1162 896 1184 et
921 1150 1014 1194 super
1037 1152 1140 1185 fulcro
1164 1154 1196 1185 in
1222 1163 1292 1184 mer
1305 1151 1400 1186 diano
1426 1152 1612 1198 magmtico
1638 1159 1733 1187 ino-n*

438 1200 531 1240 bilis,
571 1213 602 1233 in
627 1198 824 1247 obliquitate
851 1198 995 1247 quiescat
1020 1211 1038 1232 a
1063 1212 1139 1234 vera
1164 1198 1372 1234 inclinatione
1405 1203 1586 1247 magnetica
1615 1212 1709 1237 nota-

438 1248 548 1283 biliter
574 1247 786 1295 discrepante.
843 1248 963 1300 Altega
989 1262 1068 1284 vero
1094 1249 1258 1287 conditio.
1297 1262 1415 1298 nempe
1441 1253 1542 1284 centri
1569 1255 1711 1295 grauita-

390 1300 406 1318 ·”
437 1301 480 1333 tis
506 1299 538 1333 in
564 1297 683 1332 eodem
707 1297 781 1333 loco
805 1299 1061 1346 perseuerantia,
1101 1303 1156 1345 rig·
1171 1300 1243 1334 rost>
1275 1297 1366 1336 sensu
1392 1312 1432 1334 ne
1457 1300 1607 1347 possibilis
1635 1304 1711 1350 qui-

437 1347 517 1383 dem
543 1349 606 1389 est,
644 1360 719 1382 cum
758 1353 863 1384 omnis
889 1359 961 1383 acus
985 1352 1018 1384 in
1044 1352 1103 1384 situ
1129 1349 1323 1384 horizontali
1363 1352 1462 1394 posita
1495 1354 1624 1399 proprio
1651 1352 1708 1385 suo

438 1396 587 1445 pondere
615 1400 819 1437 incuruetur,
849 1399 996 1446 haecque
1022 1402 1156 1435 inflexio
1183 1402 1214 1433 in
1240 1401 1335 1433 variis
1361 1412 1432 1433 acus
1458 1399 1708 1447 obliquitatibus

439 1460 528 1482 varia
553 1450 600 1482 fit.
665 1446 752 1482 Puto
779 1460 889 1484 tamen
916 1460 1059 1485 errorem
1084 1449 1346 1485 obseruationum
1374 1461 1417 1483 ex
1445 1451 1613 1496 posteriori
1645 1450 1709 1484 hoc

440 1510 515 1532 acus
543 1497 671 1532 defectu
700 1497 895 1538 oriundum,
920 1499 1097 1536 m³nuendo
1122 1512 1195 1534 acus
1221 1497 1480 1545 longitudinem,
1506 1500 1577 1534 fieri
1603 1500 1710 1534 infen-

438 1547 587 1591 sibilein3
628 1547 717 1596 quod
741 1559 779 1582 vt
805 1558 977 1597 appareat,
1014 1561 1143 1586 viamur
1169 1551 1400 1594 experimento
1424 1545 1473 1581 Ill.
1503 1545 1596 1583 Dan.
1625 1548 1711 1581 Ba·-

438 1598 572 1633 noullii.
612 1609 678 1646 qno
703 1600 847 1641 invenit,
887 1601 1013 1644 vigam
1049 1598 1188 1633 ferream
1213 1598 1453 1644 homogeneam
1478 1595 1709 1642 cyhndricam,

439 1646 591 1683 dametri
617 1661 642 1689 4
664 1647 708 1682 ln
747 1658 782 1682 et
809 1662 831 1689 4
856 1648 957 1697 pedes
981 1649 1130 1696 longam,
1168 1660 1212 1683 ex
1237 1658 1349 1682 centro
1376 1648 1432 1682 suo
1456 1651 1624 1692 grauitatis
1649 1648 1711 1682 ho-

443 1697 646 1733 rizontaliter
687 1697 866 1746 suspenstm
900 1701 951 1733 ita
983 1701 1162 1736 incuruari,
1202 1708 1240 1732 vt
1266 1708 1414 1732 centrum
1447 1699 1513 1730 eius
1540 1700 1709 1743 grauitatis

442 1747 473 1793 ἕξ
502 1749 560 1782 mis
585 1746 729 1795 partibue
756 1748 859 1781 lineae
886 1747 967 1782 infra
993 1752 1107 1788 fitam,
1133 1759 1248 1797 quem,
1276 1750 1295 1781 fi
1322 1750 1410 1793 virga
1437 1746 1523 1780 foret
1549 1747 1709 1787 inflexilis,

440 1796 595 1835 haberet,
635 1795 856 1844 deprimatur;
894 1809 979 1845 quae
1018 1800 1121 1832 ‹entri
1165 1800 1336 1842 grauitatis
1375 1796 1589 1843 depressiones
1634 1810 1710 1832 cum

444 1850 505 1883 fint
538 1851 570 1882 in
595 1848 692 1893 virgis
730 1846 792 1882 iola
830 1846 1034 1893 longitudine
1071 1848 1198 1881 diuerfis
1239 1846 1430 1895 biquad1·ato
1467 1846 1708 1895 longitudinum

442 1898 716 1946 proportionales:
754 1897 919 1946 sequitur.
967 1900 999 1931 in
1048 1897 1105 1931 tali
1144 1899 1233 1942 virga
1279 1905 1322 1932 16
1360 1896 1492 1944 pollices
1530 1899 1624 1945 longa
1671 1910 1709 1931 a·

440 1948 572 1997 deoque
616 1960 689 1984 acus
735 1947 786 1982 hic
831 1947 1009 1994 descriptae
1055 1947 1296 1993 longtudrnem
1346 1947 1489 1982 habente
1543 1961 1606 1983 nou
1652 1950 1708 1983 nisi

443 2010 573 2045 partem
613 2001 769 2043 ἱξ’δδῐῖιειῐτι
811 1997 914 2031 lineae
953 2007 1109 2046 aequare,
1148 2009 1231 2045 quae
1269 1997 1352 2031 adeo
1397 2001 1562 2046 quantitas
1587 2010 1645 2045 pro
1669 2000 1707 2032 fi·

441 2057 479 2082 tu
505 2061 577 2082 acus
614 2047 807 2083 horizontali
848 2057 1060 2094 computata.
1098 2050 1129 2081 in
1161 2047 1301 2098 obliquis
1333 2060 1404 2081 acus
1438 2049 1647 2095 pofitionibus
1673 2049 1707 2082 in

437 2099 564 2132 ratione
602 2101 720 2132 coffinus
761 2096 963 2144 obliquitatis
1003 2101 1205 2131 imminu³tur
1264 2098 1409 2145 adeoque
1436 2102 1467 2131 in
1500 2096 1707 2143 regionibus,

437 2146 495 2180 vbi
523 2158 598 2181 vera
624 2148 788 2182 iutlinatio
815 2150 996 2194 magnetica
1025 2147 1175 2182 notablis
1200 2150 1243 2181 est
1295 2148 1419 2195 prorsus
1444 2148 1563 2193 negligi
1590 2148 1705 2195 putest.

441 2193 554 2234 Restat
579 2208 656 2246 ergo
682 2200 766 2247 prior
790 2198 989 2245 potissimum
1015 2210 1088 2233 acus
1114 2197 1334 2233 inclirzatoriae
1359 2197 1576 2245 imperfectio,
1602 2199 1708 2245 poste-

1630 2258 1708 2283 non
