1851 2474
753 192 868 244 »2223
932 187 1129 248 )274(
1191 189 1308 242 5:03«-

488 326 611 356 more
648 309 771 352 solito
806 311 1018 353 minores,
1060 306 1325 363 puluerisque
1361 304 1632 349 antherarum
1665 316 1763 361 pat·

491 378 641 420 ticulae
677 375 881 431 plurimae
918 372 1095 414 effoetae
1132 383 1177 411 ac
1213 371 1423 427 collapsae.

307 476 505 531 Pericarp.
544 472 722 527 Capsula
758 471 943 512 obtufior
979 483 1024 510 ac
1061 468 1295 511 ventricosa
1337 473 1494 525 tnagis,
1547 480 1673 523 quam
1708 468 1766 524 ῼ;

492 539 652 579 acutior
689 550 820 584 vero,
857 548 984 588 quam
1025 533 1084 577 0⁷¹.

295 618 464 661 Semina
499 619 609 658 bona
642 617 718 657 vix
753 614 853 654 vlla.

363 715 463 759 Noc.
498 714 674 756 Summa
707 712 856 753 harum
890 710 1153 764 plantarum,
1188 703 1229 751 e*
1243 706 1456 750 connubio
1496 703 1639 750 luteae'
1664 722 1763 752 cum

493 779 688 830 ambigua
723 777 889 817 tandem
929 786 1145 815 enatarum
1194 775 1382 815 sterilitas
1433 773 1627 815 omnium
1672 775 1765 815 soli-

487 843 695 887 diffimum
748 839 919 894 praebet
969 849 1264 893 argumentum
1311 848 1457 879 contra
1491 849 1640 878 eorum
1677 839 1764 878 sen-

492 908 695 954 tentiam,
749 905 820 958 qui
856 914 1079 956 Vtramque
1115 916 1195 957 pro
1230 915 1313 943 vna
1348 902 1581 954 eademque
1633 902 1765 956 specie

489 971 557 1011 vel
597 983 720 1009 vnam
758 981 837 1023 pro
875 980 989 1009 mera
1038 968 1239 1011 varietate
1289 967 1458 1012 alterius
1508 965 1610 1009 falso
1661 965 1767 1008 olim

490 1034 866 1092 proclamauerant.

696 1126 1184 1206 Experimentum
1226 1124 1379 1183 VIII.

795 1220 969 1273 Digital.
1006 1221 1200 1275 ambigua
1237 1223 1282 1273 ῼ.

793 1285 966 1339 Digital.
1003 1283 1115 1327 lutea
1154 1286 1215 1329 εἶ’.

617 1387 619 1389 ,
679 1352 767 1394 An.
810 1356 930 1399 1776
967 1350 1003 1390 d.
1049 1363 1103 1389 10
1141 1350 1252 1406 Aug.
1290 1351 1402 1394 Flor.
1438 1347 1548 1409 plurj

795 1415 898 1457 Vid.
937 1413 1047 1469 Exp.
1082 1415 1234 1457 inuers.
1269 1416 1368 1457 Vll.

492 1511 531 1554 E
579 1512 769 1568 plurimis
822 1512 1071 1562 seminibus,
1129 1512 1218 1552 satis
1271 1513 1405 1555 bonae
1456 1519 1606 1558 notae,
1659 1522 1770 1551 anno

314 1587 436 1627 1777
471 1587 600 1618 terrae
654 1577 887 1629 mandatis,
939 1579 1062 1618 vnica
1099 1576 1229 1617 modo
1265 1576 1369 1618 mihi
1406 1584 1524 1614 enata
1565 1574 1620 1614 est
1657 1574 1772 1627 plan-

307 1642 417 1688 tula,
471 1642 519 1682 iis
559 1643 668 1699 Exp.
703 1643 852 1685 inuexfi
906 1644 1027 1684 valde
1076 1640 1244 1689 smilis,
1297 1652 1402 1695 quae
1440 1650 1545 1680 veto
1588 1639 1674 1680 iam
1706 1639 1774 1680 in·

308 1715 434 1748 eunte
470 1716 625 1759 aetate,
660 1708 821 1750 nescio.
859 1721 945 1760 quo
981 1705 1073 1747 casu
1096 1736 1106 1752 ‚
1143 1706 1279 1759 periit.

1157 1778 1174 1796 0

715 1845 893 1888 leonum
929 1843 1186 1900 ExplicatiO.
1356 1866 1357 1872 =

613 1909 723 1953 Tab.
760 1910 833 1951 XI.
870 1908 958 1962 Fig.
996 1909 1027 1949 l.
1064 1908 1170 1962 spica
1206 1906 1406 1963 primaria
1440 1905 1596 1949 florum

719 1979 927 2092 ΜΞ
946 1973 1143 2079 εῖὲιῆζῑ·
1181 1972 1239 2080 ἰῇ

665 2126 702 2151 a.
738 2109 904 2149 Folium
943 2108 1134 2150 radicale.

663 2173 690 2217 b
725 2183 766 2214 et
801 2186 836 2215 c.
874 2174 1049 2215 caulina.

1521 2283 1777 2340 ASTROE
