1851 2474
696 211 820 258 »geg
878 205 1078 262 >azeis
1136 208 1255 253 geg<-

247 336 382 387 partes
419 326 596 368 duorum
635 322 871 376 plui-iurnue
910 332 1135 371 corporum
1175 318 1306 371 ipsae,
1355 315 1423 358 vei
1459 316 1599 360 icones
1637 333 1707 363 ea-

247 407 339 437 rum
379 394 578 434 minutius
615 399 653 427 ct
691 389 869 427 curatius
907 385 1148 437 expreffiie,
1185 395 1329 422 coram
1368 382 1479 423 inter
1516 386 1552 424 se
1589 398 1709 426 com-

247 469 458 514 parantur.
543 453 587 493 Si
624 452 690 492 vel
725 453 880 491 centies
933 451 1192 488 anatomicus
1245 446 1424 498 aliquam
1460 449 1502 487 in
1537 450 1704 491 diuersis

249 519 497 572 corporibus
534 527 696 570 partem
735 514 908 563 viderit,
944 512 1105 551 nonnisi
1142 510 1415 562 complexum
1459 521 1601 552 tamen
1638 525 1709 554 eo-

249 596 345 626 rum
382 580 679 622 tantummodo
716 579 765 617 ad
802 588 986 623 nouum,
1032 574 1146 626 quod
1179 575 1317 612 denuo
1353 585 1496 614 coram
1530 576 1599 626 fit,
1636 589 1712 617 ex-

250 646 443 700 emplum
477 644 638 685 adferet
669 643 713 681 in
749 640 819 681 sna
852 640 967 687 idea,
1013 639 1056 677 in
1093 637 1241 689 quibus
1274 636 1387 676 visae
1423 638 1538 690 prius
1569 636 1708 692 partes

248 713 361 753 inter
394 713 434 750 {e
469 715 772 749 conuenerant,
852 702 1004 756 Elapsa
1053 703 1195 741 omnia
1230 711 1353 741 erunt
1387 703 1431 740 in
1467 702 1616 753 quibus
1649 706 1711 746 di-

249 776 461 818 stulerant.
525 772 648 819 lmo,
685 769 801 822 quod
838 769 968 820 magis
1004 776 1150 806 notatu
1186 765 1360 818 dignum
1397 764 1505 805 mihi
1537 766 1616 805 effe
1649 769 1712 808 vi-

251 841 398 886 detur,
449 849 501 876 ne
553 837 598 875 in
648 834 737 887 ipso
788 832 991 886 praesenti
1043 830 1246 882 exemplo*
1295 829 1492 883 quidem,
1540 829 1612 870 nisi
1648 831 1712 880 id,

251 903 368 956 quod
418 902 678 941 inueteratae
730 897 845 937 ideae
882 898 965 936 iam
1016 895 1228 941 inhaeret,
1281 894 1499 947 percipere
1541 894 1714 946 poterit.

255 965 422 1009 Caecus
452 965 532 1005 erit
567 964 616 1004 ad
653 963 802 1001 omnia
834 973 939 1013 quae
975 958 1071 998 huic
1109 959 1226 997 ideae·
1259 958 1468 997 contraria
1503 957 1617 1003 sunt,
1653 957 1717 998 lu·

253 1031 347 1072 scus
380 1029 430 1068 ad
464 1041 535 1074 ea,
572 1039 678 1079 quae
716 1025 764 1064 ab
801 1025 872 1064 illa
905 1023 1133 1069 recedunt,
1165 1021 1238 1061 nisi
1273 1022 1322 1060 de
1359 1022 1492 1061 altero
1524 1020 1659 1062 differ(
1673 1034 1717 1061 n-

254 1095 411 1134 tiarum
444 1103 599 1146 genere
631 1089 813 1136 fuerint„
846 1100 949 1140 quae
980 1087 1119 1126 sensus-
1145 1086 1368 1138 valdopere
1398 1086 1559 1126 feriant.
1621 1086 1717 1127 lmo

255 1158 370 1211 quod
406 1156 527 1209 piane
581 1153 789 1193 miraculo«¹
838 1151 1086 1202 proximum
1122 1150 1205 1196 est,¹
1255 1148 1552 1191 oculatiffimus-
1602 1151 1719 1202 saepe

255 1222 302 1263 in
337 1221 389 1260 iis
419 1217 608 1258 videndis
645 1216 748 1262 erit,
785 1225 894 1265 quae
930 1213 1123 1263 nuspiam
1158 1212 1199 1250 in
1220 1212 1312 1251 *suo
1342 1213 1572 1265 praetenti,
1604 1211 1720 1266 quod

258 1283 514 1330 considerat,
552 1278 717 1320 obiecto
752 1276 951 1317 existunt..
1011 1273 1096 1315 Sed
1129 1275 1233 1315 istud
1269 1276 1481 1329 imprimis
1513 1277 1599 1317 huc
1628 1289 1725 1331 per-

259 1350 393 1396 tinet,
446 1344 563 1397 quod-
596 1342 685 1384 dixi
701 1372 717 1391 „
770 1340 932 1394 aegrius
971 1351 1048 1379 nos
1082 1352 1135 1378 ea
1165 1339 1312 1379 videre
1349 1341 1394 1379 in
1427 1340 1572 1393 aliquo
1603 1353 1723 1395 prae-

259 1412 365 1454 senti
410 1409 603 1455 obiee'to,
654 1407 698 1446 in
734 1405 880 1458 quibus
916 1403 969 1443 ab·
1000 1405 1230 1443 inueterata
1282 1404 1421 1443 nostra
1472 1406 1565 1445 idea
1617 1403 1722 1445 illud

259 1474 443 1524 recedit,
478 1472 555 1513 nisi
587 1471 759 1525 quidem
792 1468 1069 1509 vehementer
1104 1467 1253 1507 oculos
1284 1466 1473 1508 ferirent.

451 1588 496 1632 Si
529 1590 594 1631 111.
628 1590 835 1639 Hubems,
873 1592 1093 1644 postquam
1128 1592 1341 1643 egregiam
1379 1591 1491 1632 suam
1527 1592 1575 1634 de
1611 1592 1726 1646 vagi-

260 1668 317 1698 na
349 1656 461 1696 vteri
504 1658 672 1695 iconem
722 1656 934 1704 ediderat,
987 1657 1032 1696 in
1066 1669 1116 1695 eo
1152 1655 1258 1694 hanc
1295 1657 1490 1708 vaginam
1527 1656 1726 1710 exemplo

261 1721 403 1762 denuo
439 1719 536 1759 esset
571 1720 777 1768 intuitus,
827 1721 940 1772 quod
976 1720 1117 1773 postea
1148 1718 1341 1759 Hallerus
1390 1720 1505 1772 pingi
1539 1722 1722 1769 curauit,

258 1797 409 1839 parum
464 1793 567 1837 puto
620 1784 851 1824 credidisset
901 1784 1055 1832 abeffe,
1108 1783 1210 1834 quin
1260 1782 1381 1835 plane
1433 1796 1589 1824 nouum
1643 1785 1726 1823 hoc

259 1848 420 1890 Halleri
455 1848 706 1900 exemplum
739 1847 838 1895 sun,
887 1848 1002 1899 quod
1053 1846 1249 1898 pinxerat
1299 1847 1438 1898 prius,
1492 1847 1538 1886 fit
1582 1847 1727 1887 simile.

260 1914 324 1954 At
369 1925 479 1953 nunc
525 1922 826 1965 comparentur
874 1910 987 1950 inter
1021 1910 1059 1949 se
1095 1922 1239 1949 coram
1272 1909 1391 1949 binae
1426 1911 1728 1964 exemplorum

260 1976 436 2017 istorum
487 1976 642 2022 icones.
729 1975 895 2030 Quanta
931 1975 973 2013 in
1009 1974 1174 2027 singuiis
1220 1973 1306 2013 fere
1351 1975 1563 2027 particulis
1608 1975 1729 2014 diffe-

262 2041 423 2087 tentia,
461 2040 502 2079 in
541 2039 766 2093 nymphis,
810 2040 854 2078 in
890 2039 1113 2085 clitoride,
1166 2050 1396 2091 earumque
1431 2040 1540 2078 inter
1575 2039 1613 2078 se
1647 2038 1727 2080 fitu

263 2113 305 2144 et
340 2104 641 2156 proportione,
671 2105 713 2143 in
749 2103 900 2144 finibus
938 2101 1139 2150 vestibuli,
1174 2102 1217 2141 in
1252 2102 1411 2142 lacunis
1448 2104 1582 2143 multo
1619 2102 1728 2156 apud

263 2166 470 2210 Hallerum
521 2167 843 2220 copiosioribus,
894 2168 936 2206 in
972 2166 1137 2207 orificio
1182 2166 1384 2207 vrethrae
1431 2168 1602 2220 eiusque
1639 2179 1732 2207 cor-

266 2243 372 2290 pore
406 2229 633 2287 glandoso,
666 2232 712 2275 in
745 2232 979 2277 carunculis
1015 2229 1383 2285 myrthiformibus
1403 2260 1415 2282 ‚
1450 2231 1518 2273 seu
1551 2230 1731 2272 valuulis

1577 2292 1732 2335 Hallcri
