<?xml version="1.0" encoding="UTF-8"?>
<!DOCTYPE html PUBLIC "-//W3C//DTD XHTML 1.0 Transitional//EN"
    "http://www.w3.org/TR/xhtml1/DTD/xhtml1-transitional.dtd">
<html xmlns="http://www.w3.org/1999/xhtml" xml:lang="en" lang="en">
 <head>
  <title>
</title>
<meta http-equiv="Content-Type" content="text/html;charset=utf-8" />
  <meta name='ocr-system' content='tesseract 3.04.00' />
  <meta name='ocr-capabilities' content='ocr_page ocr_carea ocr_par ocr_line ocrx_word'/>
</head>
<body>
  <div class='ocr_page' id='page_1' title='image "./actaacademiae02impe_0332.png"; bbox 0 0 1851 2474; ppageno 0'>
   <div class='ocr_carea' id='block_1_1' title="bbox 718 186 1271 246">
    <p class='ocr_par' dir='ltr' id='par_1_1' title="bbox 718 186 1271 246">
     <span class='ocr_line' id='line_1_1' title="bbox 718 186 1271 246; baseline 0.007 -8"><span class='ocrx_word' id='word_1_1' title='bbox 718 190 855 240; x_wconf 54' lang='lat' dir='ltr'>*at-*23</span> <span class='ocrx_word' id='word_1_2' title='bbox 898 186 914 243; x_wconf 91' lang='lat'><em>)</em></span> <span class='ocrx_word' id='word_1_3' title='bbox 953 202 1040 230; x_wconf 88' lang='lat'>212</span> <span class='ocrx_word' id='word_1_4' title='bbox 1078 190 1093 246; x_wconf 70' lang='grc' dir='ltr'>ι’</span> <span class='ocrx_word' id='word_1_5' title='bbox 1156 191 1271 243; x_wconf 46' lang='grc' dir='ltr'>ἔξω·</span> 
     </span>
    </p>
   </div>
   <div class='ocr_carea' id='block_1_2' title="bbox 264 296 1724 420">
    <p class='ocr_par' dir='ltr' id='par_1_2' title="bbox 264 296 1724 420">
     <span class='ocr_line' id='line_1_2' title="bbox 266 296 1724 363; baseline 0.008 -24"><span class='ocrx_word' id='word_1_6' title='bbox 266 296 512 351; x_wconf 83' lang='lat' dir='ltr'>limpidior,</span> <span class='ocrx_word' id='word_1_7' title='bbox 565 308 608 340; x_wconf 87' lang='lat' dir='ltr'>et</span> <span class='ocrx_word' id='word_1_8' title='bbox 651 299 782 341; x_wconf 87' lang='lat' dir='ltr'>odore</span> <span class='ocrx_word' id='word_1_9' title='bbox 828 310 958 342; x_wconf 84' lang='lat' dir='ltr'>caret.</span> <span class='ocrx_word' id='word_1_10' title='bbox 1028 299 1212 343; x_wconf 63' lang='lat' dir='ltr'>Codtura</span> <span class='ocrx_word' id='word_1_11' title='bbox 1254 302 1502 345; x_wconf 79' lang='lat' dir='ltr'>Boletorum</span> <span class='ocrx_word' id='word_1_12' title='bbox 1539 306 1581 346; x_wconf 87' lang='lat' dir='ltr'>in</span> <span class='ocrx_word' id='word_1_13' title='bbox 1619 320 1724 363; x_wconf 75' lang='lat' dir='ltr'>aqua</span> 
     </span>
     <span class='ocr_line' id='line_1_3' title="bbox 264 361 1613 420; baseline 0.007 -17"><span class='ocrx_word' id='word_1_14' title='bbox 264 361 446 403; x_wconf 81' lang='lat' dir='ltr'>efficitur</span> <span class='ocrx_word' id='word_1_15' title='bbox 480 364 712 409; x_wconf 43' lang='lat' dir='ltr'>extractum</span> <span class='ocrx_word' id='word_1_16' title='bbox 749 364 885 406; x_wconf 83' lang='lat' dir='ltr'>minus</span> <span class='ocrx_word' id='word_1_17' title='bbox 923 374 1062 412; x_wconf 71' lang='lat' dir='ltr'>tenax,</span> <span class='ocrx_word' id='word_1_18' title='bbox 1098 367 1337 420; x_wconf 75' lang='lat' dir='ltr'>modorum,</span> <span class='ocrx_word' id='word_1_19' title='bbox 1380 369 1613 413; x_wconf 77' lang='lat' dir='ltr'>mucosum.</span> 
     </span>
    </p>
   </div>
   <div class='ocr_carea' id='block_1_3' title="bbox 265 496 1726 932">
    <p class='ocr_par' dir='ltr' id='par_1_3' title="bbox 265 496 1726 932">
     <span class='ocr_line' id='line_1_4' title="bbox 456 496 1724 552; baseline 0.005 -16"><span class='ocrx_word' id='word_1_20' title='bbox 456 496 501 537; x_wconf 89' lang='lat' dir='ltr'>Si</span> <span class='ocrx_word' id='word_1_21' title='bbox 552 508 697 537; x_wconf 76' lang='lat' dir='ltr'>mutus</span> <span class='ocrx_word' id='word_1_22' title='bbox 748 498 893 552; x_wconf 88' lang='lat' dir='ltr'>sponte</span> <span class='ocrx_word' id='word_1_23' title='bbox 939 508 1056 539; x_wconf 83' lang='lat' dir='ltr'>natus</span> <span class='ocrx_word' id='word_1_24' title='bbox 1100 501 1152 540; x_wconf 83' lang='lat' dir='ltr'>ad</span> <span class='ocrx_word' id='word_1_25' title='bbox 1189 498 1385 540; x_wconf 80' lang='lat' dir='ltr'><strong>melleam</strong></span> <span class='ocrx_word' id='word_1_26' title='bbox 1422 501 1724 544; x_wconf 79' lang='lat' dir='ltr'>confistentiam</span> 
     </span>
     <span class='ocr_line' id='line_1_5' title="bbox 270 561 1723 616; baseline 0.006 -18"><span class='ocrx_word' id='word_1_27' title='bbox 270 569 543 610; x_wconf 80' lang='lat' dir='ltr'>euaporetur,</span> <span class='ocrx_word' id='word_1_28' title='bbox 581 561 759 612; x_wconf 89' lang='lat' dir='ltr'>speciem</span> <span class='ocrx_word' id='word_1_29' title='bbox 798 561 1059 613; x_wconf 73' lang='lat' dir='ltr'>mucilaginis</span> <span class='ocrx_word' id='word_1_30' title='bbox 1096 563 1325 602; x_wconf 83' lang='lat' dir='ltr'>admodum</span> <span class='ocrx_word' id='word_1_31' title='bbox 1360 562 1539 605; x_wconf 81' lang='lat' dir='ltr'>lubricae</span> <span class='ocrx_word' id='word_1_32' title='bbox 1574 565 1723 616; x_wconf 84' lang='lat' dir='ltr'>induit,</span> 
     </span>
     <span class='ocr_line' id='line_1_6' title="bbox 267 622 1724 676; baseline 0.005 -14"><span class='ocrx_word' id='word_1_33' title='bbox 267 633 354 662; x_wconf 83' lang='lat' dir='ltr'>non</span> <span class='ocrx_word' id='word_1_34' title='bbox 390 633 492 663; x_wconf 88' lang='lat' dir='ltr'>vero</span> <span class='ocrx_word' id='word_1_35' title='bbox 528 622 782 676; x_wconf 74' lang='lat' dir='ltr'>glutinosus,</span> <span class='ocrx_word' id='word_1_36' title='bbox 829 634 869 663; x_wconf 88' lang='lat' dir='ltr'>et</span> <span class='ocrx_word' id='word_1_37' title='bbox 903 625 1020 675; x_wconf 85' lang='lat' dir='ltr'>gustu</span> <span class='ocrx_word' id='word_1_38' title='bbox 1058 624 1296 665; x_wconf 79' lang='lat' dir='ltr'>subamarus</span> <span class='ocrx_word' id='word_1_39' title='bbox 1336 626 1407 666; x_wconf 81' lang='lat' dir='ltr'>est.</span> <span class='ocrx_word' id='word_1_40' title='bbox 1474 627 1724 670; x_wconf 70' lang='lat' dir='ltr'>Extrad‘tum</span> 
     </span>
     <span class='ocr_line' id='line_1_7' title="bbox 266 686 1726 740; baseline 0.007 -16"><span class='ocrx_word' id='word_1_41' title='bbox 266 686 487 734; x_wconf 86' lang='lat' dir='ltr'>eiusmodi,</span> <span class='ocrx_word' id='word_1_42' title='bbox 525 699 654 739; x_wconf 79' lang='lat' dir='ltr'>aeque</span> <span class='ocrx_word' id='word_1_43' title='bbox 691 700 736 726; x_wconf 80' lang='lat' dir='ltr'>ac</span> <span class='ocrx_word' id='word_1_44' title='bbox 771 687 1017 728; x_wconf 62' lang='lat' dir='ltr'>decoctione</span> <span class='ocrx_word' id='word_1_45' title='bbox 1053 697 1276 740; x_wconf 73' lang='lat' dir='ltr'>paratum,</span> <span class='ocrx_word' id='word_1_46' title='bbox 1313 688 1422 729; x_wconf 82' lang='lat' dir='ltr'>ultra</span> <span class='ocrx_word' id='word_1_47' title='bbox 1456 701 1607 731; x_wconf 84' lang='lat' dir='ltr'>annum</span> <span class='ocrx_word' id='word_1_48' title='bbox 1643 695 1726 733; x_wconf 87' lang='lat' dir='ltr'>ser-</span> 
     </span>
     <span class='ocr_line' id='line_1_8' title="bbox 267 750 1721 803; baseline 0.006 -15"><span class='ocrx_word' id='word_1_49' title='bbox 267 757 403 797; x_wconf 83' lang='lat' dir='ltr'>uatur,</span> <span class='ocrx_word' id='word_1_50' title='bbox 440 750 593 802; x_wconf 79' lang='lat' dir='ltr'>absque</span> <span class='ocrx_word' id='word_1_51' title='bbox 630 751 851 803; x_wconf 81' lang='lat' dir='ltr'>conspicua</span> <span class='ocrx_word' id='word_1_52' title='bbox 888 753 1161 791; x_wconf 84' lang='lat' dir='ltr'><strong>concretione</strong></span> <span class='ocrx_word' id='word_1_53' title='bbox 1199 751 1336 792; x_wconf 74' lang='lat' dir='ltr'>sali-na.</span> <span class='ocrx_word' id='word_1_54' title='bbox 1404 751 1474 792; x_wconf 88' lang='lat' dir='ltr'>Ad</span> <span class='ocrx_word' id='word_1_55' title='bbox 1497 752 1721 797; x_wconf 78' lang='lat' dir='ltr'>siccitatem</span> 
     </span>
     <span class='ocr_line' id='line_1_9' title="bbox 265 811 1724 871; baseline 0.006 -21"><span class='ocrx_word' id='word_1_56' title='bbox 265 811 403 851; x_wconf 79' lang='lat' dir='ltr'>calore</span> <span class='ocrx_word' id='word_1_57' title='bbox 438 815 602 854; x_wconf 67' lang='lat' dir='ltr'>redasta</span> <span class='ocrx_word' id='word_1_58' title='bbox 641 814 794 863; x_wconf 78' lang='lat' dir='ltr'>ambo,</span> <span class='ocrx_word' id='word_1_59' title='bbox 839 812 1015 855; x_wconf 86' lang='lat' dir='ltr'>Gummi</span> <span class='ocrx_word' id='word_1_60' title='bbox 1053 813 1304 856; x_wconf 10' lang='lat' dir='ltr'>Ceraisorum</span> <span class='ocrx_word' id='word_1_61' title='bbox 1343 815 1476 868; x_wconf 89' lang='lat' dir='ltr'>specie</span> <span class='ocrx_word' id='word_1_62' title='bbox 1510 816 1724 871; x_wconf 85' lang='lat' dir='ltr'>referunt,</span> 
     </span>
     <span class='ocr_line' id='line_1_10' title="bbox 266 875 1441 932; baseline 0.003 -15"><span class='ocrx_word' id='word_1_63' title='bbox 266 875 333 917; x_wconf 86' lang='lat' dir='ltr'>sed</span> <span class='ocrx_word' id='word_1_64' title='bbox 369 875 419 916; x_wconf 84' lang='lat' dir='ltr'>ab</span> <span class='ocrx_word' id='word_1_65' title='bbox 455 877 636 920; x_wconf 84' lang='lat' dir='ltr'>humore</span> <span class='ocrx_word' id='word_1_66' title='bbox 671 879 776 920; x_wconf 72' lang='lat' dir='ltr'>ae&#39;ris</span> <span class='ocrx_word' id='word_1_67' title='bbox 812 878 950 920; x_wconf 89' lang='lat' dir='ltr'>denuo</span> <span class='ocrx_word' id='word_1_68' title='bbox 986 878 1118 929; x_wconf 79' lang='lat' dir='ltr'>solent</span> <span class='ocrx_word' id='word_1_69' title='bbox 1153 878 1441 932; x_wconf 81' lang='lat' dir='ltr'>deliquescere.</span> 
     </span>
    </p>
   </div>
   <div class='ocr_carea' id='block_1_4' title="bbox 265 1006 1729 1187">
    <p class='ocr_par' dir='ltr' id='par_1_4' title="bbox 265 1006 1729 1187">
     <span class='ocr_line' id='line_1_11' title="bbox 454 1006 1729 1060; baseline -0.001 -14"><span class='ocrx_word' id='word_1_70' title='bbox 454 1006 596 1046; x_wconf 87' lang='lat' dir='ltr'>Boleti</span> <span class='ocrx_word' id='word_1_71' title='bbox 631 1014 817 1046; x_wconf 86' lang='lat' dir='ltr'>recentes</span> <span class='ocrx_word' id='word_1_72' title='bbox 861 1007 904 1046; x_wconf 90' lang='lat' dir='ltr'>in</span> <span class='ocrx_word' id='word_1_73' title='bbox 941 1016 1059 1047; x_wconf 80' lang='lat' dir='ltr'>aceto</span> <span class='ocrx_word' id='word_1_74' title='bbox 1094 1007 1183 1047; x_wconf 85' lang='lat' dir='ltr'>vini</span> <span class='ocrx_word' id='word_1_75' title='bbox 1214 1007 1355 1060; x_wconf 86' lang='lat' dir='ltr'>digesti</span> <span class='ocrx_word' id='word_1_76' title='bbox 1376 1037 1387 1055; x_wconf 94' lang='lat'>‚</span> <span class='ocrx_word' id='word_1_77' title='bbox 1442 1006 1630 1047; x_wconf 81' lang='lat' dir='ltr'>colorem</span> <span class='ocrx_word' id='word_1_78' title='bbox 1667 1006 1729 1046; x_wconf 81' lang='lat' dir='ltr'>ef-</span> 
     </span>
     <span class='ocr_line' id='line_1_12' title="bbox 265 1069 1725 1124; baseline 0.001 -14"><span class='ocrx_word' id='word_1_79' title='bbox 265 1070 446 1111; x_wconf 86' lang='lat' dir='ltr'>fundunt</span> <span class='ocrx_word' id='word_1_80' title='bbox 480 1070 657 1110; x_wconf 83' lang='lat' dir='ltr'>saturate</span> <span class='ocrx_word' id='word_1_81' title='bbox 695 1069 864 1110; x_wconf 76' lang='lat' dir='ltr'>flauum.</span> <span class='ocrx_word' id='word_1_82' title='bbox 932 1071 968 1111; x_wconf 93' lang='lat' dir='ltr'>E</span> <span class='ocrx_word' id='word_1_83' title='bbox 1005 1072 1073 1112; x_wconf 85' lang='lat' dir='ltr'>tali</span> <span class='ocrx_word' id='word_1_84' title='bbox 1102 1072 1283 1112; x_wconf 73' lang='lat' dir='ltr'>tincstura</span> <span class='ocrx_word' id='word_1_85' title='bbox 1300 1070 1441 1124; x_wconf 88' lang='lat' dir='ltr'>prodit</span> <span class='ocrx_word' id='word_1_86' title='bbox 1460 1070 1725 1122; x_wconf 66' lang='lat' dir='ltr'>aliquantum</span> 
     </span>
     <span class='ocr_line' id='line_1_13' title="bbox 266 1133 1658 1187; baseline -0.001 -11"><span class='ocrx_word' id='word_1_87' title='bbox 266 1134 445 1176; x_wconf 67' lang='lat' dir='ltr'>extrae‘n</span> <span class='ocrx_word' id='word_1_88' title='bbox 480 1133 662 1182; x_wconf 84' lang='lat' dir='ltr'>mucoss‚</span> <span class='ocrx_word' id='word_1_89' title='bbox 699 1134 984 1187; x_wconf 79' lang='lat' dir='ltr'>maceratique</span> <span class='ocrx_word' id='word_1_90' title='bbox 1019 1134 1159 1176; x_wconf 86' lang='lat' dir='ltr'>Boleti</span> <span class='ocrx_word' id='word_1_91' title='bbox 1193 1135 1376 1175; x_wconf 81' lang='lat' dir='ltr'>euadunt</span> <span class='ocrx_word' id='word_1_92' title='bbox 1413 1135 1658 1175; x_wconf 82' lang='lat' dir='ltr'>tenaciores.</span> 
     </span>
    </p>
   </div>
   <div class='ocr_carea' id='block_1_5' title="bbox 262 1258 1726 1633">
    <p class='ocr_par' dir='ltr' id='par_1_5' title="bbox 262 1258 1726 1633">
     <span class='ocr_line' id='line_1_14' title="bbox 452 1258 1726 1314; baseline 0.001 -12"><span class='ocrx_word' id='word_1_93' title='bbox 452 1263 653 1302; x_wconf 85' lang='lat' dir='ltr'>Recentes</span> <span class='ocrx_word' id='word_1_94' title='bbox 707 1260 841 1306; x_wconf 85' lang='lat' dir='ltr'>item,</span> <span class='ocrx_word' id='word_1_95' title='bbox 895 1258 938 1298; x_wconf 91' lang='lat' dir='ltr'>in</span> <span class='ocrx_word' id='word_1_96' title='bbox 973 1258 1182 1303; x_wconf 85' lang='lat' dir='ltr'>Alcohole</span> <span class='ocrx_word' id='word_1_97' title='bbox 1220 1261 1456 1302; x_wconf 61' lang='lat' dir='ltr'>extractum</span> <span class='ocrx_word' id='word_1_98' title='bbox 1489 1260 1726 1314; x_wconf 78' lang='lat' dir='ltr'>largiuntur</span> 
     </span>
     <span class='ocr_line' id='line_1_15' title="bbox 263 1322 1724 1376; baseline -0.001 -11"><span class='ocrx_word' id='word_1_99' title='bbox 263 1326 760 1376; x_wconf 67' lang='lat' dir='ltr'>refinoso-vndtuosum3</span> <span class='ocrx_word' id='word_1_100' title='bbox 793 1322 960 1363; x_wconf 89' lang='lat' dir='ltr'>refiduo-</span> <span class='ocrx_word' id='word_1_101' title='bbox 993 1324 1223 1365; x_wconf 80' lang='lat' dir='ltr'>admodum</span> <span class='ocrx_word' id='word_1_102' title='bbox 1260 1326 1408 1365; x_wconf 79' lang='lat' dir='ltr'>tenaci.</span> <span class='ocrx_word' id='word_1_103' title='bbox 1475 1323 1614 1365; x_wconf 82' lang='lat' dir='ltr'>Vncia</span> <span class='ocrx_word' id='word_1_104' title='bbox 1649 1325 1724 1364; x_wconf 88' lang='lat' dir='ltr'>fic-</span> 
     </span>
     <span class='ocr_line' id='line_1_16' title="bbox 264 1386 1724 1441; baseline -0.003 -11"><span class='ocrx_word' id='word_1_105' title='bbox 264 1401 454 1430; x_wconf 80' lang='lat' dir='ltr'>catorum</span> <span class='ocrx_word' id='word_1_106' title='bbox 500 1389 751 1428; x_wconf 83' lang='lat' dir='ltr'>Boletorum</span> <span class='ocrx_word' id='word_1_107' title='bbox 807 1400 903 1427; x_wconf 90' lang='lat' dir='ltr'>cum</span> <span class='ocrx_word' id='word_1_108' title='bbox 939 1386 1148 1428; x_wconf 85' lang='lat' dir='ltr'>Alcohole</span> <span class='ocrx_word' id='word_1_109' title='bbox 1183 1389 1336 1440; x_wconf 80' lang='lat' dir='ltr'>digesta</span> <span class='ocrx_word' id='word_1_110' title='bbox 1370 1388 1540 1441; x_wconf 79' lang='lat' dir='ltr'>praebet</span> <span class='ocrx_word' id='word_1_111' title='bbox 1573 1388 1724 1427; x_wconf 59' lang='lat' dir='ltr'>tinctu-</span> 
     </span>
     <span class='ocr_line' id='line_1_17' title="bbox 263 1451 1718 1505; baseline -0.001 -12"><span class='ocrx_word' id='word_1_112' title='bbox 263 1466 354 1493; x_wconf 82' lang='lat' dir='ltr'>ram</span> <span class='ocrx_word' id='word_1_113' title='bbox 408 1454 663 1498; x_wconf 74' lang='lat' dir='ltr'>flauentem,</span> <span class='ocrx_word' id='word_1_114' title='bbox 717 1465 739 1491; x_wconf 90' lang='lat' dir='ltr'>e</span> <span class='ocrx_word' id='word_1_115' title='bbox 785 1463 866 1503; x_wconf 80' lang='lat' dir='ltr'>qua</span> <span class='ocrx_word' id='word_1_116' title='bbox 913 1451 1090 1492; x_wconf 86' lang='lat' dir='ltr'>obtineri</span> <span class='ocrx_word' id='word_1_117' title='bbox 1126 1451 1257 1505; x_wconf 89' lang='lat' dir='ltr'>potest</span> <span class='ocrx_word' id='word_1_118' title='bbox 1294 1451 1426 1491; x_wconf 78' lang='lat' dir='ltr'>resina</span> <span class='ocrx_word' id='word_1_119' title='bbox 1461 1453 1718 1500; x_wconf 79' lang='lat' dir='ltr'>flauescens,</span> 
     </span>
     <span class='ocr_line' id='line_1_18' title="bbox 263 1512 1726 1569; baseline -0.001 -13"><span class='ocrx_word' id='word_1_120' title='bbox 263 1518 506 1564; x_wconf 76' lang='lat' dir='ltr'>amaricans,</span> <span class='ocrx_word' id='word_1_121' title='bbox 544 1517 658 1556; x_wconf 88' lang='lat' dir='ltr'>cuius</span> <span class='ocrx_word' id='word_1_122' title='bbox 694 1515 827 1555; x_wconf 78' lang='lat' dir='ltr'>elotae</span> <span class='ocrx_word' id='word_1_123' title='bbox 862 1515 1041 1566; x_wconf 86' lang='lat' dir='ltr'>scrupuli</span> <span class='ocrx_word' id='word_1_124' title='bbox 1071 1519 1154 1555; x_wconf 86' lang='lat' dir='ltr'>duo</span> <span class='ocrx_word' id='word_1_125' title='bbox 1174 1514 1413 1569; x_wconf 86' lang='lat' dir='ltr'>prodeunt;</span> <span class='ocrx_word' id='word_1_126' title='bbox 1448 1512 1726 1568; x_wconf 78' lang='lat' dir='ltr'>(Boletusla-</span> 
     </span>
     <span class='ocr_line' id='line_1_19' title="bbox 262 1575 1594 1633; baseline -0.001 -13"><span class='ocrx_word' id='word_1_127' title='bbox 262 1580 416 1622; x_wconf 73' lang='lat' dir='ltr'>ricinus</span> <span class='ocrx_word' id='word_1_128' title='bbox 452 1593 574 1621; x_wconf 80' lang='lat' dir='ltr'>verae</span> <span class='ocrx_word' id='word_1_129' title='bbox 610 1579 765 1620; x_wconf 76' lang='lat' dir='ltr'>refinae</span> <span class='ocrx_word' id='word_1_130' title='bbox 802 1577 1025 1620; x_wconf 87' lang='lat' dir='ltr'>dimidium</span> <span class='ocrx_word' id='word_1_131' title='bbox 1061 1578 1118 1618; x_wconf 88' lang='lat' dir='ltr'>sui</span> <span class='ocrx_word' id='word_1_132' title='bbox 1153 1578 1348 1633; x_wconf 86' lang='lat' dir='ltr'>ponderis</span> <span class='ocrx_word' id='word_1_133' title='bbox 1385 1575 1594 1630; x_wconf 58' lang='lat' dir='ltr'>largitur).</span> 
     </span>
    </p>
   </div>
   <div class='ocr_carea' id='block_1_6' title="bbox 263 1701 1721 1825">
    <p class='ocr_par' dir='ltr' id='par_1_6' title="bbox 263 1701 1721 1825">
     <span class='ocr_line' id='line_1_20' title="bbox 451 1701 1721 1758; baseline -0.004 -11"><span class='ocrx_word' id='word_1_134' title='bbox 451 1706 591 1747; x_wconf 87' lang='lat' dir='ltr'>Boleti</span> <span class='ocrx_word' id='word_1_135' title='bbox 626 1705 770 1746; x_wconf 87' lang='lat' dir='ltr'>bonini</span> <span class='ocrx_word' id='word_1_136' title='bbox 805 1717 993 1748; x_wconf 82' lang='lat' dir='ltr'>recentes</span> <span class='ocrx_word' id='word_1_137' title='bbox 1031 1717 1088 1745; x_wconf 88' lang='lat' dir='ltr'>ex</span> <span class='ocrx_word' id='word_1_138' title='bbox 1122 1717 1228 1757; x_wconf 76' lang='lat' dir='ltr'>aqua</span> <span class='ocrx_word' id='word_1_139' title='bbox 1245 1703 1556 1744; x_wconf 78' lang='lat' dir='ltr'>destillatidant</span> <span class='ocrx_word' id='word_1_140' title='bbox 1575 1701 1721 1758; x_wconf 88' lang='lat' dir='ltr'>phleg—</span> 
     </span>
     <span class='ocr_line' id='line_1_21' title="bbox 263 1766 1570 1825; baseline -0.003 -14"><span class='ocrx_word' id='word_1_141' title='bbox 263 1782 333 1811; x_wconf 84' lang='lat' dir='ltr'>ma</span> <span class='ocrx_word' id='word_1_142' title='bbox 366 1771 536 1825; x_wconf 78' lang='lat' dir='ltr'>vappidi</span> <span class='ocrx_word' id='word_1_143' title='bbox 571 1769 727 1819; x_wconf 86' lang='lat' dir='ltr'>odoris⁷</span> <span class='ocrx_word' id='word_1_144' title='bbox 761 1769 846 1810; x_wconf 85' lang='lat' dir='ltr'>fine</span> <span class='ocrx_word' id='word_1_145' title='bbox 879 1770 967 1810; x_wconf 77' lang='lat' dir='ltr'>vllo</span> <span class='ocrx_word' id='word_1_146' title='bbox 991 1766 1088 1809; x_wconf 86' lang='lat' dir='ltr'>Olei</span> <span class='ocrx_word' id='word_1_147' title='bbox 1124 1767 1344 1810; x_wconf 78' lang='lat' dir='ltr'>essentialis</span> <span class='ocrx_word' id='word_1_148' title='bbox 1379 1768 1570 1820; x_wconf 85' lang='lat' dir='ltr'>vestigio.</span> 
     </span>
    </p>
   </div>
   <div class='ocr_carea' id='block_1_7' title="bbox 262 1892 1725 2065">
    <p class='ocr_par' dir='ltr' id='par_1_7' title="bbox 262 1892 1725 2065">
     <span class='ocr_line' id='line_1_22' title="bbox 452 1892 1725 1938; baseline -0.006 0"><span class='ocrx_word' id='word_1_149' title='bbox 452 1895 677 1938; x_wconf 88' lang='lat' dir='ltr'>Sexdecim</span> <span class='ocrx_word' id='word_1_150' title='bbox 713 1896 859 1936; x_wconf 83' lang='lat' dir='ltr'>unciae</span> <span class='ocrx_word' id='word_1_151' title='bbox 895 1895 1127 1935; x_wconf 87' lang='lat' dir='ltr'>eorundem</span> <span class='ocrx_word' id='word_1_152' title='bbox 1164 1892 1476 1933; x_wconf 72' lang='lat' dir='ltr'>leffiffimorum</span> <span class='ocrx_word' id='word_1_153' title='bbox 1511 1900 1552 1932; x_wconf 89' lang='lat' dir='ltr'>et</span> <span class='ocrx_word' id='word_1_154' title='bbox 1582 1903 1725 1932; x_wconf 89' lang='lat' dir='ltr'>recen-</span> 
     </span>
     <span class='ocr_line' id='line_1_23' title="bbox 262 1955 1725 2009; baseline -0.004 -8"><span class='ocrx_word' id='word_1_155' title='bbox 262 1961 368 2001; x_wconf 87' lang='lat' dir='ltr'>tium</span> <span class='ocrx_word' id='word_1_156' title='bbox 406 1975 428 2002; x_wconf 89' lang='lat' dir='ltr'>e</span> <span class='ocrx_word' id='word_1_157' title='bbox 465 1961 679 2003; x_wconf 78' lang='lat' dir='ltr'>cucurbita</span> <span class='ocrx_word' id='word_1_158' title='bbox 713 1961 845 2001; x_wconf 77' lang='lat' dir='ltr'>vitrea</span> <span class='ocrx_word' id='word_1_159' title='bbox 879 1967 999 2001; x_wconf 82' lang='lat' dir='ltr'>caute</span> <span class='ocrx_word' id='word_1_160' title='bbox 1042 1957 1298 2008; x_wconf 75' lang='lat' dir='ltr'>destinatae,</span> <span class='ocrx_word' id='word_1_161' title='bbox 1352 1955 1569 1997; x_wconf 84' lang='lat' dir='ltr'>succeffiue</span> <span class='ocrx_word' id='word_1_162' title='bbox 1602 1967 1725 2009; x_wconf 80' lang='lat' dir='ltr'>prae-</span> 
     </span>
     <span class='ocr_line' id='line_1_24' title="bbox 263 2024 464 2065; baseline -0.005 0"><span class='ocrx_word' id='word_1_163' title='bbox 263 2024 464 2065; x_wconf 85' lang='lat' dir='ltr'>buerunt:</span> 
     </span>
    </p>
   </div>
   <div class='ocr_carea' id='block_1_8' title="bbox 325 2149 1728 2310">
    <p class='ocr_par' dir='ltr' id='par_1_8' title="bbox 325 2149 1728 2310">
     <span class='ocr_line' id='line_1_25' title="bbox 325 2149 1728 2207; baseline -0.007 -12"><span class='ocrx_word' id='word_1_164' title='bbox 325 2171 360 2199; x_wconf 77' lang='lat' dir='ltr'>a.</span> <span class='ocrx_word' id='word_1_165' title='bbox 429 2151 628 2205; x_wconf 78' lang='lat' dir='ltr'>Phlegma</span> <span class='ocrx_word' id='word_1_166' title='bbox 664 2151 901 2206; x_wconf 80' lang='lat' dir='ltr'>limpidum,</span> <span class='ocrx_word' id='word_1_167' title='bbox 936 2151 1097 2207; x_wconf 83' lang='lat' dir='ltr'>fungosi</span> <span class='ocrx_word' id='word_1_168' title='bbox 1133 2150 1290 2198; x_wconf 84' lang='lat' dir='ltr'>odoris,</span> <span class='ocrx_word' id='word_1_169' title='bbox 1315 2149 1399 2189; x_wconf 90' lang='lat' dir='ltr'>fine</span> <span class='ocrx_word' id='word_1_170' title='bbox 1427 2156 1728 2201; x_wconf 85' lang='lat' dir='ltr'>empyreuma-</span> 
     </span>
     <span class='ocr_line' id='line_1_26' title="bbox 454 2213 1711 2310; baseline -0.002 -52"><span class='ocrx_word' id='word_1_171' title='bbox 454 2226 496 2259; x_wconf 86' lang='lat' dir='ltr'>te</span> <span class='ocrx_word' id='word_1_172' title='bbox 531 2225 573 2258; x_wconf 89' lang='lat' dir='ltr'>et</span> <span class='ocrx_word' id='word_1_173' title='bbox 609 2215 738 2258; x_wconf 80' lang='lat' dir='ltr'>salino</span> <span class='ocrx_word' id='word_1_174' title='bbox 772 2217 1009 2273; x_wconf 80' lang='lat' dir='ltr'>principio,</span> <span class='ocrx_word' id='word_1_175' title='bbox 1047 2215 1098 2258; x_wconf 81' lang='lat' dir='ltr'>ad</span> <span class='ocrx_word' id='word_1_176' title='bbox 1131 2216 1272 2257; x_wconf 79' lang='lat' dir='ltr'>vncias</span> <span class='ocrx_word' id='word_1_177' title='bbox 1308 2213 1519 2256; x_wconf 78' lang='lat' dir='ltr'>vndecim.</span> <span class='ocrx_word' id='word_1_178' title='bbox 1686 2268 1711 2310; x_wconf 74' lang='lat' dir='ltr'><em>b</em></span> 
     </span>
    </p>
   </div>
  </div>
 </body>
</html>
