1851 2474
558 158 674 213 ωὲὲἐ
739 153 934 216 >241(
998 158 1113 214 &tegn-

107 276 156 318 ad
189 272 402 316 officulum
438 271 611 313 tertium
648 274 799 327 pinnae
834 273 1003 316 dorsalis
1049 273 1349 316 denticulatum
1403 273 1559 321 conuess

102 343 189 389 nit,
238 339 305 380 sed
342 336 511 378 officnlo
564 339 688 378 tertio
740 342 893 393 pin-nae
939 340 1005 380 a-ni
1036 340 1298 381 denticulato
1338 340 1462 382 facile
1499 343 1562 384 di-

100 404 338 459 gnoscitur,
391 412 513 452 atque
549 404 666 442 omni
713 405 903 458 corporis
939 405 1092 458 figura,
1145 418 1225 458 qua
1261 405 1396 446 multo
1430 406 1559 448 latior

100 468 326 517 est‚·ade0
359 476 406 506 vt
439 465 658 519 longitudo
692 467 955 509 latitudinem
992 471 1224 510 maximam
1260 479 1425 510 tan-tum
1462 484 1562 524 qua·

98 542 163 573 ter
213 531 404 585 superet,
458 542 535 571 nec
589 544 674 572 non
724 533 902 586 squamis
938 533 1099 586 magnis
1135 534 1274 587 primo
1308 534 1464 574 intuitu
1500 534 1562 574 di·

99 596 333 649 stinguitur.
416 592 484 634 De
521 592 735 650 Carpione
780 599 864 638 iam
919 608 1136 652 praeterea
1169 597 1361 639 Artcdius
1412 596 1565 639 suffici-

101 670 246 702 entem
280 659 329 698 ad
363 657 581 710 diagnofin
634 660 955 716 descriptionem
994 671 1035 703 et
1068 662 1373 702 dimensionem
1416 673 1563 704 exter-

100 736 250 765 narum
286 723 628 775 internarumque
664 726 846 778 partium
881 725 996 765 dedit
1030 725 1136 779 (vid.
1177 724 1357 779 descript.
1387 725 1482 780 pise.
1518 740 1560 780 p.

103 784 202 841 25),
238 799 337 838 quas
373 786 414 826 in
449 787 674 829 indiuiduis
710 791 931 844 maximis,
966 787 1138 841 triginta
1173 787 1345 841 pollices
1380 789 1564 842 anglica-

100 864 176 892 nos
213 850 367 904 longis,
412 851 594 903 pondere
628 852 678 892 ad
714 852 1031 905 quatuordecim
1068 851 1193 892 libras
1230 852 1393 893 rofficas
1443 867 1563 894 acce-

100 914 315 963 dentibus,
347 915 387 953 in
420 915 524 955 mari
554 915 691 968 caspio
717 927 760 958 et
789 916 939 969 palude
969 917 1203 965 maeotide,
1232 917 1481 970 praesertim
1510 918 1562 959 ad

100 979 204 1020 ostia
224 979 341 1018 fluuii
360 977 524 1021 Terek,
542 991 620 1020 uec
640 992 724 1019 non
752 980 934 1034 Wolgae
952 991 996 1022 et
1014 979 1170 1020 Tanais
1198 979 1564 1034 frequentiffimis,

101 1053 270 1084 naturae
314 1041 608 1084 consentaneas
652 1044 732 1084 esse
768 1045 967 1098 cognoui.
1050 1042 1313 1098 Carpionem
1354 1045 1461 1086 Roffi
1510 1046 1564 1087 ad

99 1119 215 1148 mare
250 1105 429 1159 caspium
460 1117 500 1146 et
536 1108 583 1147 ad
618 1107 769 1147 fluuios
798 1108 879 1148 hoc
907 1121 1024 1149 mare
1043 1118 1256 1160 petentes,
1284 1122 1360 1151 nec
1390 1122 1475 1150 non
1509 1110 1564 1152 ad

100 1169 294 1215 Tanain,
345 1171 519 1209 nomine
569 1182 667 1211 cum
704 1171 863 1211 'sat-aris
898 1171 1119 1212 communi
1170 1170 1293 1213 Sasan
1332 1174 1563 1228 (casaub)

102 1233 336 1288 appellant,
388 1234 460 1287 qui
510 1233 743 1276 Maloroffis
798 1232 1012 1289 Dynapris
1067 1234 1218 1275 accolis
1269 1236 1414 1290 Karop
1458 1237 1564 1277 dici—

101 1306 183 1338 tur
268 1297 342 1338 Illa
393 1298 679 1338 denominatio
724 1299 888 1339 accedit
922 1299 971 1338 ad
1007 1296 1215 1348 Schmun,
1265 1314 1353 1353 quo
1384 1305 1563 1344 nomine

98 1360 290 1402 Rasciani
328 1361 375 1401 ad
413 1360 669 1409 Danubium,
705 1362 930 1403 secundum
958 1359 1179 1405 Comitem
1207 1363 1427 1420 Marslium
1461 1365 1504 1421 (i.
1525 1377 1563 1407 c.

100 1438 142 1481 p.
167 1422 255 1476 17),
291 1425 401 1465 hunc
440 1426 592 1479 piscem
629 1426 849 1475 imbuunt,
882 1439 924 1468 et
960 1427 1062 1467 haec
1098 1428 1271 1481 analoga
1304 1430 1360 1469 est
1398 1428 1564 1473 nomini

102 1489 286 1530 eiusdem
321 1489 442 1543 piscis
477 1490 637 1544 vulgari
669 1492 917 1546 germanico
951 1491 1065 1546 Karp
1101 1490 1170 1532 seu
1203 1491 1376 1548 Karpfe.

290 1611 445 1653 Barbus
480 1625 654 1669 propter
688 1618 818 1659 cirros
855 1620 918 1662 seu
955 1622 1153 1673 mystaces
1185 1620 1315 1662 Roffis
1352 1623 1399 1664 ad
1419 1621 1563 1666 Terek

104 1677 280 1721 fluuium
316 1674 487 1718 Usatsch
524 1679 701 1735 (ycaqb)
737 1683 915 1734 dicitu1‚
951 1687 1018 1725 sed
1053 1701 1075 1727 a
1110 1686 1346 1727 Maloroffis
1378 1688 1433 1729 ad
1470 1686 1562 1740 Dy-

104 1742 253 1796 naprin
288 1739 587 1792 Ma1e11a‚1eu
625 1744 814 1798 Mariua,
850 1752 917 1789 seu
960 1749 1106 1790 Miron
1144 1750 1395 1804 appellatur,
1449 1752 1562 1804 quod

104 1818 263 1848 nomen
299 1804 408 1845 idem
445 1819 538 1846 cum
576 1809 776 1860 rasciano,
813 1812 1037 1854 secundum
1083 1812 1302 1855 Comitem
1338 1815 1563 1870 Marfilium

106 1870 158 1924 (1.
193 1882 228 1909 c.
265 1882 307 1923 p.
349 1867 429 1923 18)
479 1870 528 1910 ad
558 1870 801 1918 Danubium
837 1877 1010 1927 viltam,
1062 1877 1215 1919 Marna
1249 1878 1318 1918 seu
1354 1878 1563 1919 Marniza.

106 1934 267 1976 Bai-bus
303 1933 345 1972 in
383 1934 484 1973 mari
519 1935 638 1989 nigro
673 1949 715 1979 et
748 1941 885 1994 caspio
918 1942 1111 1984 abundat.
1177 1941 1247 1983 Ex
1284 1944 1389 1983 mari
1423 1942 1562 1995 caspio

107 1997 313 2039 mensibus
357 1997 615 2047 hyemalibus
666 2002 902 2056 frequenter
951 2006 1158 2047 adscendit
1209 2006 1361 2048 fluuios
1418 2005 1573 2047 Terek?

108 2073 152 2103 et
179 2062 390 2111 Kumam3
423 2061 465 2100 in
488 2060 604 2112 Cyio
638 2066 792 2118 rarior3
824 2070 866 2109 in
899 2071 1068 2124 reliquis
1103 2070 1225 2111 huius
1261 2073 1386 2112 maris
1421 2071 1561 2111 fluuiis

108 2125 342 2166 rariffiffus.
414 2124 482 2166 Fx
534 2127 640 2167 mari
687 2131 810 2183 nigro
858 2135 1011 2178 maiori
1060 2136 1187 2190 copia
1234 2149 1364 2192 quam
1401 2132 1561 2186 Carpio

108 2187 328 2241 Dynaprin
367 2189 484 2240 petit.

109 2254 212 2298 aaa
228 2256 354 2295 Acaa.
371 2253 468 2311 Imp.
486 2252 556 2298 Sc.
575 2254 682 2299 Tom.
701 2255 751 2300 ΙΙ.
771 2259 817 2299 P.
834 2257 885 2303 ΙΙ,
1091 2265 1136 2308 H
1168 2265 1197 2310 h
1403 2260 1559 2321 Capito
