1851 2474
636 122 752 174 »0243
815 117 834 177 J
870 130 897 171 7
933 119 947 176 (
1013 122 1126 170 53·-

151 239 293 294 gregie
343 230 628 281 conueniunt,
681 232 896 273 breuitatis
941 233 1072 286 gratia
1109 231 1364 289 Orhiformes
1418 237 1608 280 nomine-

151 316 273 345 mus,
323 298 475 349 hicque
533 305 627 337 ante
662 298 806 337 omnia
841 297 1067 338 obseruasse
1104 298 1297 347 iuuabit,
1333 311 1390 338 ex
1427 300 1611 351 qualibet

150 378 276 408 curua
319 360 541 402 orbiformi
597 361 816 416 problema
850 362 1133 415 catoptricum
1171 362 1291 415 supra
1326 374 1614 404 memoratum

147 426 323 472 infinitis
376 426 513 468 modis
566 423 762 467 facillime
813 425 964 467 resolui
1010 428 1139 480 poffe.
1205 425 1269 467 Sit
1305 428 1420 468 enim
1465 425 1617 469 FGH

145 493 238 534 talis
281 503 409 532 curua
458 490 699 531 orbiformis
751 503 1056 544 quaecunque,
1116 492 1228 532 intra
1276 505 1359 545 qua
1409 490 1613 546 punCtum

144 556 331 599 lucidum
366 553 409 595 X
443 568 523 609 pro
555 555 690 596 lubitu
737 555 1028 606 constituam-3
1064 565 1155 596 tum
1207 556 1329 597 dusta
1362 558 1477 597 reeta
1511 570 1612 610 qua-
1641 562 1727 601 Τὼ.
1754 563 1784 601 1.

144 632 309 675 cunque
344 617 450 669 Xx,
495 619 545 660 ad
598 632 772 660 curuam
825 619 1026 672 vtrinque
1079 620 1292 670 normali,
1353 633 1457 674 quae
1510 634 1610 676 ergo
1645 612 1784 664 Fig.4.‘

146 685 405 728 constantem
458 683 629 724 habebit
680 683 1035 736 magnitudinem,
1088 683 1311 735 iungantur
1346 685 1482 724 restae
1519 686 1615 727 LX

143 760 186 793 et
220 750 329 796 Lx,
377 759 535 801 eaeque
588 747 822 788 bisecentur
855 747 898 786 in
944 746 1108 800 ponetis
1146 744 1188 787 O
1225 757 1271 788 et
1306 758 1352 797 o,
1405 749 1515 789 vnde
1559 750 1608 790 ad

145 827 211 856 eas
248 811 497 854 normaliter
531 811 762 852 educantur
812 810 949 850 tetstae
1001 806 1043 850 O
1065 808 1103 850 Z
1138 820 1181 850 et
1217 822 1312 861 oz,
1348 812 1485 853 restae
1522 811 1561 853 X
1582 826 1615 854 x

143 874 415 921 occurrentes
448 876 492 916 in
527 875 690 930 puncstis
727 872 765 914 Z
801 883 841 914 et
876 885 932 924 z;
983 871 1170 927 haecque
1205 875 1291 916 duo
1337 878 1489 930 punfta
1543 877 1616 918 fita

144 952 267 985 erunt
301 942 342 981 in
380 952 506 980 curua
539 937 732 992 quaefita.
803 937 958 978 Radius
1012 938 1126 978 enim
1163 937 1277 986 LZ,
1314 941 1459 994 primo
1492 941 1613 981 refle—

144 1020 247 1056 xus,
291 1005 363 1045 fiet
397 1002 508 1050 Zz,
543 1003 645 1055 qui,
681 1002 821 1042 denuo
857 1001 1042 1042 reflexus
1080 1003 1120 1041 in
1156 1015 1206 1052 z,
1243 1004 1286 1044 in
1323 1005 1458 1058 ipsum
1509 1017 1618 1059 pun-

144 1072 257 1113 etum
295 1067 480 1109 lucidum
515 1066 550 1107 L
586 1067 847 1114 remittetur,
885 1067 1248 1119 quemadmodum
1275 1081 1330 1109 ex
1370 1080 1514 1109 natura
1552 1081 1618 1110 re-

142 1133 338 1176 flexionis
374 1130 485 1171 haud
519 1129 745 1170 difficulter
790 1130 1072 1170 demonstrare
1108 1131 1283 1182 liceret,
1321 1133 1395 1174 nisi
1429 1133 1512 1175 hoc
1549 1146 1618 1174 ar·

143 1207 394 1252 gumentum
430 1195 512 1235 iam
550 1193 759 1234 vberrime
796 1194 892 1234 effer
926 1194 1241 1248 pei-traetatum.
1315 1187 1320 1193 ¹

327 1324 360 1374 ς.
399 1325 445 1368 6.
509 1319 585 1364 Ob
616 1321 727 1363 hunc
763 1321 970 1375 insignem
1004 1322 1124 1363 Vsum
1161 1335 1384 1364 curuarum
1422 1326 1611 1380 triangu-

140 1389 292 1430 larium
327 1388 477 1441 vtique
514 1387 748 1440 optandum
785 1387 911 1435 effer,
944 1395 991 1426 vt
1027 1386 1254 1427 methodus
1287 1399 1400 1428 certa
1433 1401 1609 1442 pateret,

142 1454 260 1493 cuius
291 1464 373 1505 ope
408 1451 652 1492 huiusmodi
687 1462 834 1490 curuas
871 1450 1158 1504 triangulares,
1186 1461 1400 1504 quotquot
1424 1452 1607 1505 libuerit,

144 1515 390 1566 inuestigare
426 1516 598 1563 liceret,
630 1515 671 1554 id
707 1515 818 1567 quod
871 1515 1016 1567 primo·
1065 1515 1222 1555 intuitu
1279 1517 1404 1557 nimis
1441 1518 1612 1561 difficile

143 1579 277 1619 videti
304 1578 454 1630 potest.
501 1577 665 1618 Verum
703 1578 809 1617 hanc
847 1578 1212 1631 inuestigationem
1249 1579 1527 1632 inuertamus,
1564 1597 1616 1624 ac

142 1642 290 1698 primo
322 1653 569 1694 quaeramus
605 1653 752 1682 curuas
788 1640 1074 1691 orbiformes,
1131 1642 1273 1696 quales
1309 1644 1507 1688 haetenus
1541 1648 1614 1688 de-

142 1705 396 1760 scripfim1183
430 1715 523 1745 tum·
556 1705 672 1745 enim
707 1705 813 1746 certi
843 1705 922 1746 effe
957 1707 1207 1760 poterimus,
1244 1721 1391 1749 earum
1424 1711 1614 1753 euolutas

142 1768 387 1810 huiusmodi
438 1765 527 1809 fore
579 1781 726 1809 cutuas
780 1769 1056 1823 triangulares
1107 1771 1245 1824 quales
1299 1772 1609 1826 desideramus,

144 1832 364 1873 Praeterea
397 1844 502 1872 vero
545 1833 675 1873 etiam
727 1833 809 1874 hoe
862 1835 991 1874 modo
1035 1834 1143 1875 istud
1187 1837 1464 1878 commodum
1510 1843 1611 1880 affe*

146 1908 344 1949 quemur:
396 1905 476 1944 vt,
516 1899 684 1949 quoties
737 1911 865 1938 curua
898 1898 1138 1939 orbiformis
1175 1899 1300 1940 fuerit
1346 1900 1612 1955 argebraica,

146 1960 270 2000 toties
321 1971 486 2011 quoque
537 1973 663 2000 curua
717 1963 983 2015 triangularis
1043 1975 1126 2002 non
1184 1963 1317 2004 solum
1368 1964 1441 2005 fiat
1491 1967 1606 2021 alge-

144 2023 315 2071 braica,
381 2021 446 2062 sed
495 2023 660 2076 insuper
712 2028 843 2066 etiarn
896 2026 1201 2075 testificamus,
1265 2030 1609 2084 quandoquidem

144 2086 337 2128 euolutae
373 2087 566 2126 omnium
601 2101 826 2133 cui-uarum
882 2090 1212 2146 algebraicarum
1245 2092 1368 2135 fimul
1400 2094 1605 2137 restifica-

142 2152 306 2194 tionem
341 2151 589 2193 admittunt.

1489 2225 1524 2273 §-
1564 2233 1605 2274 7.
