1851 2474
597 150 710 201 »⁰5³2ss
776 143 970 204 Μαι(
1034 146 1149 198 ἔξω

136 266 301 309 thorax.
382 263 439 305 Et
476 261 629 303 thorax
664 271 704 301 et
740 261 874 315 peluis
909 259 1162 313 angustiores
1198 270 1367 313 quoque
1411 258 1516 300 iusto
1551 259 1594 301 in

136 331 224 372 aliis
277 328 579 375 inueniuntur3
635 326 749 366 cuius
803 324 1040 379 posterioris
1093 322 1278 376 angustia
1330 324 1371 362 iu
1428 321 1593 364 feminis

134 393 370 448 praesertim
426 389 607 431 notabile
658 390 826 443 corpori
880 388 1031 430 vitium
1094 387 1232 427 infert.
1324 386 1496 434 Verbo,
1551 396 1597 427 vt

135 457 285 499 sceleto
318 455 527 498 Albaniana
581 453 684 494 nihil
729 452 940 507 pulchrius
977 452 1109 492 videri
1146 450 1301 504 potest,
1354 451 1394 490 id
1431 452 1590 504 ipsum,

131 534 227 562 cum
274 521 360 560 aliis
407 527 720 572 comparatum,
774 518 1014 556 innumeras
1051 516 1093 555 in
1130 516 1179 555 iis
1215 514 1415 555 indicabit
1451 513 1591 554 defor-

131 585 320 634 mitates,
357 595 507 636 easque
543 582 748 621 contiuuo
784 581 883 621 alias
921 590 963 619 et
999 579 1119 631 alias;
1155 590 1200 619 vt
1237 590 1382 619 contra
1419 590 1593 630 compa-

129 659 319 689 ratorum
355 647 604 687 sceletorum
639 645 741 684 vitia
776 644 935 684 deteeh
980 656 1107 683 nouas
1162 644 1364 683 contiuuo
1402 641 1589 695 pulchri-

131 713 293 752 tudines
330 712 371 750 in
406 709 616 751 Albinium
665 709 942 750 declarabunt.
1025 706 1309 758 Similiterque
1348 719 1446 745 cum
1500 718 1589 745 mu-

129 775 245 816 sculis
282 784 572 828 comparatum
617 772 693 818 est,
748 783 929 822 quorum
967 768 1299 822 pulchritudines
1337 769 1587 808 deformita-

129 850 300 891 tesque,
335 851 433 892 quas
469 837 656 890 coiporis
692 834 847 887 figurae
883 842 1085 873 externae
1116 832 1368 880 conciliant,
1420 832 1493 886 ipsi
1528 831 1591 885 pi-

129 903 288 951 storeS,
343 911 544 954 expertes
588 898 705 939 omni
757 898 1004 945 anatomia,
1055 896 1303 949 distinguere
1362 906 1586 936 nonerunt.

125 966 183 1007 Et
220 967 286 1006 vel
322 965 426 1005 solae
479 962 638 1003 tabulae
675 961 956 1001 musculorum
993 959 1251 1006 firminianae,
1297 973 1402 1000 ‚cum
1441 960 1589 1013 proxi-

124 1042 198 1070 mo
232 1029 378 1082 quouis
414 1039 589 1078 corpore
626 1035 914 1077 comparatae,
951 1026 1172 1064 innumera
1201 1026 1410 1065 variarum
1447 1022 1584 1064 defor-

121 1094 314 1134 mitatum
350 1090 794 1146 pulchritudinumque
830 1088 1027 1142 exempla
1061 1088 1308 1129 ostendunt.-

313 1219 400 1262 Sed·
429 1219 564 1262 mi‘nus
610 1232 715 1273 opus
764 1215 842 1258 esse
877 1215 1046 1259 videtur
1080 1216 1122 1258 in
1159 1217 1308 1260 ossibus
1343 1230 1385 1261 et
1421 1219 1586 1263 museu-

121 1284 169 1325 lis
205 1295 251 1325 vt
286 1285 334 1326 de
371 1299 440 1335 ea,
475 1296 579 1337 quae
617 1284 752 1336 aptior
788 1282 836 1321 ad
872 1282 989 1322 vsum
1027 1282 1097 1329 stt,
1135 1282 1288 1324 fabrica
1322 1289 1583 1328 anatomicus

122 1349 170 1388 fit
205 1348 414 1389 sollicitus,
478 1348 547 1387 Ab
584 1357 701 1396 ortu,
753 1345 1034 1398 fibrarumque
1069 1347 1302 1389 direffione
1339 1359 1381 1389 et
1415 1350 1583 1390 inserti-

121 1423 216 1460 one,
253 1413 421 1466 propria
455 1410 676 1451 cuiuslibet
713 1409 884 1450 musculi
920 1409 1076 1450 flinffio
1112 1411 1276 1464 pendet.
1316 1411 1403 1452 Iam
1441 1414 1482 1453 in
1521 1415 1584 1467 ip·

119 1473 167 1515 fis
204 1476 266 1515 his
302 1473 624 1530 proprietatibus
679 1474 853 1515 musculi
907 1475 1042 1515 minus
1096 1476 1279 1523 variant,
1334 1486 1376 1516 et
1410 1477 1436 1517 fi
1474 1491 1580 1530 quae

117 1539 392 1590 reperiuntur
427 1549 499 1577 aut
531 1547 717 1591 repertae
767 1538 859 1578 sunt
912 1544 1152 1585 varietates,
1206 1540 1427 1581 rariffimae
1480 1542 1578 1582 istae

118 1613 194 1642 nec
232 1600 547 1640 cunfundendae
585 1613 679 1640 cum
716 1601 803 1641 illis*
825 1603 1034 1642 continuis
1068 1602 1180 1652 sunt,
1217 1617 1321 1657 quae
1345 1604 1446 1646 aliae
1477 1612 1582 1645 con-

118 1665 239 1706 tinuo
275 1674 315 1704 et
348 1665 449 1705 aliae
486 1664 527 1702 in
565 1664 730 1717 singulis
765 1666 1019 1720 corporibus·
1053 1669 1343 1722 reperiuntur,
1398 1679 1440 1708 et
1477 1682 1579 1722 qua-

116 1742 209 1769 rum
250 1740 355 1781 quae
390 1727 577 1780 eligenda
612 1728 871 1781 potiffimum
908 1730 980 1779 fit,
1034 1732 1200 1773 nescias.
1287 1731 1576 1787 Similiterque

114 1806 210 1833 cum
247 1792 396 1831 offibus
431 1792 485 1831 est
522 1803 838 1846 comparatum,
873 1807 975 1847 quae
1005 1796 1048 1836 in
1077 1796 1150 1846 iis,
1186 1810 1292 1851 quae
1323 1798 1441 1838 vsum
1478 1810 1591 1837 con--

118 1865 323 1904 cernunt,
358 1855 517 1896 variare
552 1869 637 1897 non
674 1856 816 1898 solent.

304 1979 425 2034 Quae
444 1984 548 2022 ratio
567 1982 884 2036 pulchritudinis
906 1985 952 2025 sit
974 1986 1015 2026 in
1040 1988 1141 2029 vafis
1161 1998 1200 2028 et
1227 1989 1378 2036 neruis,
1398 1987 1574 2030 dubium

112 2046 246 2086 videri
278 2046 420 2097 pollet.
472 2046 540 2087 Est
567 2057 706 2087 autem
743 2049 928 2099 profesto
958 2049 1019 2090 his
1051 2052 1233 2105 partibus
1266 2053 1466 2106 elegantia
1503 2054 1571 2095 sua

113 2122 217 2161 quae
252 2109 418 2161 quidem
457 2109 509 2148 ob
546 2123 817 2150 communem
866 2113 1021 2154 secandi
1063 2117 1309 2157 methodum
1349 2117 1570 2165 vitiosam,

112 2173 351 2226 praesertim
371 2174 418 2213 in>
431 2172 565 2228 longis
585 2175 909 2217 extremitatum*
931 2181 1091 2232 neruis,
1120 2181 1241 2224 haud
1259 2181 1352 2224 sati‘s
1373 2181 1472 2222 solet
1493 2180 1568 2219 ob-

1397 2245 1563 2285 seruari.
