1851 2474
636 113 754 166 »ᾒέ
818 109 927 169 )31
968 109 984 169 l
1047 111 1164 164 &teg--

629 231 730 284 DE
778 233 1160 288 MENSURA

258 342 882 420 ANGULORUM
941 349 1519 428 SOLIDORUM·

750 560 1024 605 Auctore

703 655 752 699 L.
797 655 1074 702 EULER.

811 911 855 961 ἦ.
911 923 950 951 1.

141 970 592 1088 Quemadmodum
627 1043 767 1099 anguli
801 1044 913 1100 plani
950 1044 1245 1087 mensurantur
1278 1059 1355 1101 per
1387 1061 1506 1090 arcus
1534 1048 1619 1090 cir-

139 1108 310 1151 culares
346 1123 417 1151 eos
463 1109 774 1157 subtendentes,
823 1108 852 1149 fi
888 1109 1040 1150 scilicet
1075 1121 1229 1151 vertex
1264 1111 1403 1165 anguli
1438 1112 1481 1152 in
1517 1125 1620 1153 cen-

147 1182 216 1215 tro
253 1174 398 1215 circuli
433 1173 687 1215 collocatur:
733 1173 791 1214 ita
826 1182 998 1213 naturae
1034 1173 1097 1213 rei
1132 1173 1462 1216 consentaneum
1497 1177 1618 1216 vide-

141 1244 233 1285 tur,
285 1237 457 1292 angulos
508 1237 658 1278 solidos
710 1249 785 1288 per
815 1236 1034 1290 portiones
1093 1235 1329 1290 superficiei
1376 1239 1616 1294 sphaericae

145 1301 323 1351 metiri,
382 1314 489 1355 quae
536 1313 609 1342 eos
654 1300 767 1354 quasi
813 1299 1092 1341 subtendant.
1144 1299 1173 1340 si
1207 1311 1358 1343 vertex
1399 1303 1539 1356 anguli
1569 1303 1615 1344 vin

147 1374 295 1406 centro
329 1364 526 1419 sphaerae
560 1364 809 1406 collocatur.
887 1362 950 1404 lta
985 1363 1011 1403 fi
1047 1363 1222 1416 angulus
1259 1363 1410 1406 solidus
1445 1379 1500 1407 ex
1538 1368 1617 1408 tri·

144 1426 222 1470 bus
257 1428 433 1483 angulis,
468 1430 540 1482 qui
575 1429 654 1469 sint
686 1440 727 1478 a,
760 1428 800 1476 b,
836 1440 872 1475 c,
905 1427 1032 1468 fuerit
1065 1427 1285 1478 sormam,
1321 1439 1364 1470 et
1382 1430 1494 1471 circa
1514 1442 1613 1471 ver-

134 1492 274 1534 ·ticem
309 1492 481 1547 sphaera
515 1492 768 1533 describatur
789 1521 800 1540 ,
855 1492 972 1531 cuius
1021 1490 1158 1532 radius
1204 1493 1363 1533 vnitate
1398 1493 1610 1547 exprima-

150 1565 236 1606 tur,
270 1556 462 1597 mensura
494 1556 617 1597 huius
651 1555 791 1609 anguli
826 1553 944 1594 solidi
978 1555 1058 1596 rite
1097 1554 1293 1596 statuetur
1328 1569 1445 1597 areae
1482 1557 1613 1597 triau-

134 1618 233 1674 sguli
263 1619 463 1673 sphaerici
491 1619 684 1672 aequalis,
712 1619 829 1659 cuius
856 1617 986 1659 latera
1012 1618 1090 1659 ssut
1118 1618 1198 1659 illis
1232 1619 1390 1673 angulis
1418 1634 1458 1666 α,
1478 1620 1502 1662 b
1533 1632 1574 1661 et
1592 1634 1614 1661 c

145 1683 360 1737 aequalia;
394 1684 733 1738 quandoquidem
763 1681 864 1723 haec
893 1682 1024 1723 latera
1059 1684 1151 1723 sunt
1185 1684 1399 1725 mensurae
1436 1685 1610 1725 illorum

141 1747 397 1800 angulorum
432 1747 668 1802 planorum.
735 1746 901 1788 Eodem
939 1747 1071 1787 modo
1106 1746 1134 1786 s1
1171 1748 1344 1802 angulus
1376 1748 1527 1789 solidus
1553 1760 1611 1789 ex

130 1821 316 1864 quatuor
361 1811 429 1852 vel
471 1811 658 1866 pluribus
709 1809 869 1863 angulis
904 1810 1036 1863 planis
1072 1811 1197 1851 fuerit
1234 1814 1469 1860 formatus,
1524 1813 1610 1852 eius

129 1876 327 1916 mensura
364 1876 443 1917 erit
476 1889 574 1917 area
608 1874 883 1930 quadrilateri
922 1874 1141 1928 sphaerici,
1168 1875 1237 1915 vel
1276 1875 1479 1929 polygoni
1511 1876 1609 1929 plu-

130 1938 242 1979 rium
277 1937 471 1988 laterum,
507 1940 624 1982 cuius
661 1939 818 1981 scilicet
853 1938 1009 1991 fingu'a
1044 1939 1172 1979 latera
1213 1951 1444 1992 aequentur
1474 1952 1607 1992 angu-

129 2002 179 2043 lis
213 2001 362 2056 planis,
399 2002 547 2056 quibus
583 2003 757 2058 angulus
795 2002 947 2045 solidus
983 2003 1273 2056 componitur.
1342 2003 1431 2044 Hac
1473 2004 1605 2057 igitur

128 2066 294 2107 ratione
341 2066 545 2107 dimensio
593 2068 841 2120 angulorum
881 2066 1112 2108 solidorum
1149 2066 1365 2108 reducitur
1401 2068 1448 2108 ad
1486 2070 1605 2107 inue-

126 2129 392 2185 stigationem
434 2143 552 2173 areae
586 2131 785 2187 trianguli
818 2129 1040 2188 sphaerici,
1076 2130 1143 2173 vel
1176 2130 1383 2188 polygoni
1416 2131 1605 2185 plurium

1497 2193 1599 2236 late-
