1851 2474
575 158 691 212 »2233
753 152 894 214 >¹93
938 153 953 214 (
1014 157 1129 210 &103⁴-

710 265 1009 319 NOVUM

147 358 1553 467 *HYGROMETRIGENUS

624 496 1103 545 DESCRIPTUM

718 650 990 692 Auctore

562 759 610 797 P.
662 751 1157 799 INOCHODZOW.

122 986 475 1084 Refrastionem
522 1034 796 1087 terrestrem}
848 1037 891 1078 in
927 1036 1203 1079 Libellatione
1240 1038 1435 1080 locorum
1470 1038 1582 1080 sum-

124 1116 299 1157 mopere
335 1104 611 1151 necessariam,
648 1103 816 1143 diuersis
852 1103 1039 1142 eiusdem
1075 1102 1156 1142 diei
1192 1102 1305 1151 horis
1340 1104 1582 1144 notabiliter

121 1168 297 1218 variari3
350 1178 476 1220 atque
528 1166 636 1207 hanc
686 1165 964 1205 variationem
1011 1177 1095 1204 non
1140 1167 1263 1206 vnice
1309 1182 1333 1207 a
1367 1168 1504 1208 calore
1540 1177 1582 1207 et

122 1231 325 1285 preffione
375 1231 509 1280 aeris,
561 1230 628 1271 sed
679 1230 832 1284 partim
878 1243 900 1269 a
944 1229 1108 1269 diuerso
1142 1227 1250 1269 Solis
1285 1229 1360 1270 fitu
1396 1231 1580 1284 respestu

121 1295 294 1344 obiecti,
330 1296 447 1336 cuius
482 1294 660 1335 altitudo
695 1295 883 1342 metitur,
918 1302 957 1334 et
995 1293 1181 1334 maxime
1216 1307 1238 1333 a
1259 1293 1419 1335 diuersa
1448 1308 1582 1348 quan-

122 1359 239 1398 titate
275 1371 497 1413 vaporum,
534 1359 575 1398 in
611 1362 706 1399 aere
744 1358 977 1403 natantium
1014 1357 1207 1411 pendere,
1246 1357 1402 1398 multae
1423 1366 1580 1411 eaeque

121 1422 313 1462 indubiae
358 1423 511 1462 docent
556 1422 876 1465 obseruationes.
945 1420 1033 1462 Ae'r
1066 1422 1177 1461 enim
1216 1421 1392 1461 inferior
1428 1421 1476 1461 fit
1510 1423 1579 1463 vel

121 1485 335 1527 humidior
369 1487 436 1526 vel
472 1487 638 1533 siccior,
674 1487 891 1527 altitudine
926 1485 1316 1539 Barometrivsaepe
1353 1486 1578 1527 inuariata:

121 1548 252 1588 Mane
282 1562 328 1588 ac
363 1550 522 1601 vesperi
545 1550 794 1602 copiosiores
814 1552 1059 1605 plerumque
1082 1563 1253 1603 vapores
1274 1550 1444 1591 haerere
1466 1552 1577 1591 circa

123 1610 390 1652 horizontem
429 1612 653 1665 suspensos,
688 1615 798 1654 vnde
835 1626 879 1655 et
915 1613 1204 1655 refractionem
1243 1615 1455 1655 radiorum
1488 1628 1579 1655 ma-

123 1676 256 1715 iorem
294 1677 370 1715 esse
406 1677 663 1729 experientia
699 1680 879 1719 testatur.
948 1676 1194 1731 Optandum
1230 1679 1357 1732 igitur
1393 1680 1479 1727 est,
1529 1688 1575 1719 vt

125 1739 477 1780 obseruationibus
520 1736 899 1794 Thermometricis
945 1756 990 1783 ac
1035 1742 1331 1783 Barometricis
1377 1744 1576 1783 associen-

127 1812 194 1843 tur
231 1804 356 1842 etiam
390 1804 750 1857 Hygromctricae,
787 1807 934 1860 quibus
971 1810 1228 1847 incrementa
1263 1818 1304 1847 ct
1328 1807 1574 1846 decremen-

124 1876 166 1906 ta
201 1868 308 1907 aerei
344 1867 530 1907 humoris
567 1870 825 1922 mensurari,
880 1881 1002 1925 atque
1038 1872 1077 1910 in
1117 1870 1322 1911 calculum
1359 1871 1574 1912 refractio-

124 1931 185 1971 nis
220 1931 427 1971 introduci
464 1932 622 1985 possint.

313 2053 611 2100 Construendis
631 2061 925 2113 Hygi-ornetris
956 2065 1169 2106 materiam
1202 2062 1401 2116 praebent
1428 2063 1572 2102 omnia

122 2134 311 2175 corpora,
350 2134 455 2174 quae
493 2123 667 2163 humore
703 2137 756 2164 ex
792 2128 884 2165 aere
920 2142 1090 2182 recepto
1129 2127 1407 2169 mutationem
1439 2127 1570 2166 autin

125 2185 433 2237 magnitudine,
468 2198 537 2226 aut
575 2189 613 2227 in
652 2188 914 2229 contorsione
950 2204 991 2232 ct
1026 2193 1319 2241 reuolutione‚
1356 2200 1426 2230 aut
1458 2190 1573 2228 deni-

123 2250 226 2291 Aera
246 2251 366 2289 fla-ad:
387 2249 481 2304 Imp.
500 2251 567 2292 Sc.
588 2252 694 2293 'Iom.
714 2251 764 2292 ΙΙ.
783 2255 826 2292 P.
847 2252 898 2294 II.
1135 2257 1168 2296 B
1205 2256 1229 2296 b
1493 2264 1571 2306 que
