1851 2474
738 190 854 242 ··>‘0‘·>3{
913 183 934 241 v1)
975 190 1031 230 16
1037 199 1060 226 2
1096 185 1114 244 (
1178 185 1290 235 gg&-

704 290 1008 348 SOLVTIO
1056 292 1319 346 GEMINA

443 387 1568 473 PROBLEMAT1&

946 504 1059 550 QVO
1551 532 1554 535 .

276 586 491 632 MOTVS
530 586 839 640 CORPORIS,
869 587 1001 630 FILO
1030 585 1277 629 ALICVBI
1310 586 1609 640 ALLIGATI,
1644 586 1735 631 SV·

394 682 507 726 PER
541 682 744 728 PLANO
776 681 1204 727 HORIZONTALI
1240 674 1605 739 QVAERITVR.

913 815 1101 863 Auctore

754 912 803 955 L.
862 913 900 955 E
935 913 973 956 V
995 912 1031 955 L
1065 912 1173 955 ER
1209 912 1264 955 Ο.-

936 1167 971 1215 §.
1042 1180 1082 1208 1.

268 1223 431 1336 Cum
480 1304 614 1347 nuper
659 1290 767 1331 hanc
810 1291 1098 1344 ,quaestionem
1153 1292 1411 1340 tractassem,
1460 1291 1633 1345 perueni
1676 1290 1732 1333 ad

270 1359 568 1413 aequationem
604 1353 923 1396 differentialem
961 1355 1088 1408 primi
1122 1357 1285 1408 gradus,
1324 1358 1431 1397 inter
1458 1356 1570 1396 binas
1593 1350 1728 1395 varia·

266 1423 384 1471 biles,
413 1434 498 1462 non
535 1420 659 1460 nimis
695 1418 988 1469 complexam,
1023 1431 1126 1471 quae
1165 1431 1303 1460 autem
1339 1422 1400 1460 ita
1435 1428 1522 1459 erat
1552 1431 1725 1471 compa-

266 1496 370 1536 rata,
405 1494 453 1525 vt
488 1484 631 1524 omnia
668 1479 830 1521 Calculi
865 1481 1036 1522 artificia
1071 1482 1203 1523 adhuc
1240 1484 1406 1536 cognita
1440 1485 1478 1522 ei
1513 1482 1722 1523 resoluen-

265 1550 343 1590 dae
391 1560 475 1588 non
520 1546 708 1588 sufficere
756 1545 1006 1590 viderentur,
1075 1546 1293 1598 Postquam
1330 1556 1466 1587 autem
1504 1559 1592 1586 rem
1628 1546 1721 1598 plu-

265 1613 380 1655 ribus
418 1611 552 1652 modis
588 1608 817 1655 tentassem,
856 1611 1023 1649 tandem
1060 1622 1134 1662 per
1165 1609 1309 1662 longas
1344 1609 1534 1661 ambages
1557 1610 1605 1648 ad
1633 1612 1721 1650 eius

262 1677 588 1730 integrationem
625 1674 713 1713 sum
747 1673 991 1726 perdustus,
1050 1682 1174 1725 atque
1210 1674 1312 1712 adeo
1346 1672 1506 1712 summa
1541 1673 1721 1712 admira-

265 1742 381 1782 tione
416 1737 703 1792 deprehendi,
755 1736 841 1777 eius
877 1736 1075 1790 integrale
1112 1736 1348 1789 algebra'rce'
1375 1737 1556 1789 exprimi
1594 1737 1716 1790 poss'e.

264 1803 384 1846 Tum
436 1815 544 1843 vero
587 1800 784 1853 temporis
830 1810 1049 1841 contentus
1098 1801 1170 1848 fui,
1206 1801 1332 1853 ipsam
1368 1810 1529 1840 tantum
1567 1813 1716 1853 aequa-

266 1869 428 1909 tionem
464 1865 710 1919 integralem
746 1876 843 1903 curn
879 1864 1048 1918 publico
1084 1865 1424 1914 communicare,
1469 1864 1587 1904 fimul
1623 1864 1716 1918 pol·

266 1932 418 1980 licitus,
438 1940 569 1971 totam
589 1927 803 1980 Analyfin,
837 1941 918 1980 qua
955 1940 1006 1967 eo
1042 1927 1128 1967 sum
1164 1928 1375 1977 deductus,
1401 1928 1478 1969 alia
1500 1928 1715 1970 occasione

263 1994 319 2034 ob
368 1994 513 2034 oculos
566 2005 754 2047 ponere,
806 1993 918 2044 quod
966 1992 1092 2044 igitur
1126 2004 1235 2032 nunc
1270 1993 1471 2045 praestare
1507 1993 1712 2033 constitui.

264 2055 431 2097 Deinde
479 2070 582 2098 vero
631 2057 751 2097 aliam
789 2056 1036 2096 solutionem
1072 2055 1256 2096 eiusdem
1293 2057 1537 2107 quaestionis
1574 2056 1710 2098 multo

263 2119 565 2176 fimpliciorum
583 2121 671 2163 sum
690 2120 875 2178 adeptus,
912 2132 1037 2175 quam
1055 2118 1123 2162 hic
1143 2120 1270 2162 etiam
1293 2120 1553 2177 expositurus
1570 2132 1658 2161 ero.

1623 2244 1716 2294 ,So-
