1851 2474
710 147 826 200 *0321ss
891 144 907 205 )
945 160 965 187 1
979 154 1036 200 84
1069 143 1087 204 (
1149 146 1265 199 5323«

252 255 488 310 magnetica
530 255 599 297 vel
642 259 860 301 varietates
905 261 949 301 in
995 260 1163 302 diuersis
1209 258 1313 300 locis
1355 256 1426 298 vel
1461 255 1714 300 mutationes

251 320 429 370 successu
468 321 672 374 temporis
709 322 902 377 subierit3
936 327 1067 367 modo
1102 325 1144 365 id
1179 333 1342 364 certum
1379 321 1450 370 fit,
1490 334 1609 362 acum
1647 335 1718 362 ru-

241 384 360 424 diori
405 386 584 438 quadam
629 386 876 429 trad'tatione
920 390 1041 430 situm
1078 389 1211 429 centri
1247 387 1462 440 grauitatis
1499 389 1590 425 suae
1627 398 1715 426 non

251 449 436 488 mutaffe.
505 447 587 488 Sed
634 453 780 490 eadem
827 452 1050 492 methodus
1095 452 1172 492 hac
1217 451 1363 503 insigni
1401 462 1568 502 quoque
1604 448 1714 490 diffi-

251 512 409 551 cultate
448 512 668 564 premitur,
705 514 817 564 quod
852 516 1166 567 propemodum
1202 513 1449 566 impoffibile
1485 514 1558 559 sit,
1593 526 1716 554 acum

251 575 390 616 omnis
428 574 548 627 plane
583 575 646 613 vis
685 578 944 627 magneticae
979 588 1198 630 expertem
1236 576 1388 615 habere
1422 586 1462 615 et
1497 577 1606 628 quod
1633 608 1644 627 ,
1688 578 1717 618 fi

252 650 373 686 acus,
423 638 521 677 dum
561 637 701 678 tabula
736 641 996 692 aequationis
1033 640 1315 688 construitur,
1368 639 1451 678 iam
1488 640 1615 680 fuerit
1649 641 1717 683 vel

250 701 456 742 leuissimo
509 704 790 755 magnetismo
842 704 1032 753 imbuta,
1088 703 1189 743 haec
1234 703 1458 742 methodus
1497 704 1716 757 principali

249 766 321 806 sua
366 765 545 805 Vtilitate
590 766 780 815 excidat,
834 779 1058 820 propterea
1109 769 1221 820 quod
1258 779 1304 806 ea
1340 766 1476 806 tabula
1511 767 1593 805 iam
1631 780 1716 809 non

251 828 383 878 valet,
420 829 493 868 nisi
530 830 729 881 quamdiu
765 843 850 870 non
888 832 1021 871 solum
1057 831 1153 871 fitus
1192 833 1324 871 centri
1361 831 1574 882 grauitatis
1606 843 1715 881 acus,

248 892 318 933 sed
363 893 446 945 ipsa
492 905 662 946 quoque
715 894 933 935 inclinatio
969 896 1205 948 magnetica
1241 895 1396 934 nullam
1434 894 1718 935 variationem

248 955 443 1007 subierit3
494 956 683 1010 adeoque
726 959 849 1000 toties
886 960 936 1000 de
972 972 1086 999 nouo
1122 959 1303 999 construi
1339 959 1489 1007 debet,
1543 961 1718 1010 quoties

248 1020 535 1060 inclinationis
589 1023 848 1074 magneticae
903 1023 971 1063 vel
1023 1022 1277 1062 differentias
1331 1023 1372 1060 in
1409 1022 1577 1062 diuersis
1615 1022 1717 1063 locis

249 1083 319 1123 vel
355 1084 608 1124 variationes
645 1085 816 1125 diuersis
854 1086 1114 1138 temporibus
1153 1086 1374 1138 explorare
1408 1085 1524 1124 velis.
1548 1122 1552 1123 a
1575 1085 1719 1139 Quam

253 1147 408 1200 exigua
443 1157 587 1187 autem
625 1147 711 1198 spes
738 1148 806 1195 fit,
842 1160 963 1186 acum
985 1160 1170 1199 vnquam
1192 1149 1330 1187 omnis
1352 1149 1622 1202 magnetismi
1644 1162 1721 1190 ex-

248 1214 417 1263 Pertem
438 1209 596 1256 haberi,
616 1209 681 1248 vel
701 1209 796 1249 inde
815 1210 1076 1262 perspicitur,
1111 1212 1240 1262 quod,
1273 1211 1433 1259 fiacus,
1467 1213 1593 1264 ignita
1612 1222 1653 1251 et
1671 1213 1716 1253 in

250 1285 303 1312 eo
324 1272 413 1321 fitu,
449 1285 535 1324 quo
555 1273 859 1324 magnetismus
880 1274 1075 1313 terrestris
1110 1274 1185 1327 ipfi
1221 1274 1379 1315 nullam
1417 1275 1504 1314 vim
1542 1288 1719 1330 magne-

251 1337 379 1377 ticam
425 1336 587 1375 inducit
632 1333 737 1390 (*)‚
790 1336 1029 1390 refrigerat—a
1072 1338 1142 1376 vel
1188 1339 1379 1378 maxime
1416 1351 1587 1379 omnem
1625 1341 1716 1380 vim

249 1400 532 1452 magneticam
571 1400 832 1452 perdidiffet3
886 1411 1047 1450 tamen,
1094 1414 1190 1440 cum
1227 1415 1305 1455 pro
1340 1402 1611 1442 construenda
1652 1413 1712 1443 ta-

249 1463 346 1503 bula
383 1463 645 1514 aequationis
684 1473 847 1518 tempus
891 1464 982 1505 satis
1020 1464 1202 1505 notabile
1239 1464 1436 1505 inclinata
1472 1467 1604 1505 teneri
1642 1467 1714 1506 de-

249 1527 372 1574 beat,
431 1526 460 1566 fi
497 1527 565 1566 vel
611 1529 796 1568 maxime
845 1529 887 1568 in
928 1529 1016 1582 ipso
1052 1539 1279 1581 ‹aequatore
1315 1530 1552 1579 magnetico
1587 1530 1716 1569 fuerit

251 1590 476 1632 constituta
512 1588 635 1645 (**),
689 1592 737 1632 ab
781 1593 944 1632 actione
981 1592 1250 1646 magnetismi
1285 1591 1481 1630 terrestris
1517 1591 1604 1630 vim
1643 1592 1715 1631 ali-

251 1667 380 1708 quam
434 1655 711 1706 magneticam
749 1657 895 1710 sponte
935 1656 982 1696 sit
1017 1665 1294 1709 conceptura,
1348 1667 1528 1706 eamque
1565 1656 1714 1695 ceteris

248 1718 417 1772 paribus
438 1731 488 1758 eo
508 1719 730 1768 maiorem,
751 1734 836 1773 quo
858 1721 992 1761 maior
1012 1721 1067 1760 est
1087 1722 1172 1772 ipsa
1191 1719 1408 1758 inclinatio
1429 1719 1680 1771 magnetica.

440 1803 482 1844 11
490 1800 515 1824 ³⁰
551 1804 772 1845 metsodus:
806 1805 889 1845 Acu
924 1806 1060 1846 valide
1095 1804 1317 1856 magnetica
1353 1812 1391 1843 et
1423 1807 1463 1844 in
1499 1807 1715 1847 me1idiano

251 1870 468 1921 magnetico
519 1867 726 1922 anflituta
769 1868 1015 1922 construatur
1049 1867 1189 1910 tabula
1223 1868 1497 1920 aequationis:
1555 1879 1716 1923 tumque

1671 1947 1715 1975 vt

326 2059 385 2106 (¹¹²¹)
412 2058 449 2093 In
477 2062 533 2093 situ
562 2060 684 2094 scilicet
710 2059 751 2093 ad
778 2060 1021 2094 inclinationem
1050 2065 1269 2108 magneticam
1295 2063 1439 2096 normali.

328 2120 409 2169 (ω’)
437 2116 475 2152 In
503 2131 568 2167 quo
597 2121 716 2154 sci'icet
739 2120 835 2167 Plano
870 2121 952 2155 afflo
991 2126 1198 2170 magnatium
1240 2125 1395 2158 teri-‹stris
1435 2125 1468 2156 in
1504 2134 1619 2165 acum,
1661 2133 1716 2156 ce·-

447 2171 523 2203 teris
551 2169 703 2215 paribus,
730 2173 875 2203 omnium
904 2174 1036 2208 minima
1063 2176 1131 2217 est,
1161 2184 1261 2223 atque
1290 2173 1373 2208 adeo
1398 2171 1502 2214 nulla,
1536 2176 1556 2208 fi
1585 2183 1656 2208 acus
1680 2173 1713 2204 in

443 2219 507 2252 fitu
540 2216 734 2254 horizontali
747 2220 957 2262 detineatur.
