1851 2474
599 103 718 165 ²⁵⁹5}ss
782 105 982 170 >¹7a(
1045 106 1163 168 ἓῖεέὥ

329 216 475 269 exacte
511 221 744 276 cylindrica
778 222 1133 331 (c)‚Yduriffima
1165 234 1208 268 et
1240 224 1507 281 politissima,
1554 230 1612 273 al-

967 300 993 341 3
1523 301 1613 337 tera

144 397 515 410 *—=————
521 398 1094 413 ——n———n—-q
1100 400 1477 413 *ἡ*

331 467 475 501 minima.
533 464 767 503 Immiffionem
799 470 868 502 axis
903 470 936 502 in
971 466 1045 502 bina
1079 464 1219 508 cubilia,
1254 466 1333 502 licet
1367 468 1439 504 talis
1465 480 1537 504 acus
1563 468 1616 504 su-

331 517 452 564 spensio
479 514 511 548 id
538 518 704 552 commodi
733 520 886 566 praestet,
912 527 950 552 vt
976 520 1009 552 in
1036 526 1074 550 ea
1101 526 1250 551 centrum
1276 522 1443 564 grauitatis
1471 532 1543 553 acus
1570 519 1612 553 ad

331 578 428 601 axem
454 564 622 602 reductum
639 591 649 608 ‚
675 569 821 617 quiescat
847 576 947 614 atque
974 578 1047 601 acus
1074 569 1157 602 circa
1184 565 1217 601 id
1243 568 1347 614 ipsum
1374 579 1525 604 centrum
1551 569 1614 603 im-

332 616 455 651 mobile
496 627 734 660 conuertatur,
772 616 822 652 Ill.
848 615 1018 651 Bernoalli
1053 626 1163 651 tamen
1200 619 1233 650 in
1259 617 1377 653 acubus
1403 618 1613 654 inclinatoriis

331 668 431 715 plane
457 677 520 700 non
546 668 718 708 admittit,
751 677 926 715 propterea
952 664 1052 715 quod,
1068 676 1142 700 acus
1168 667 1214 700 ita
1242 665 1409 714 suspensae
1435 668 1615 704 oscillatio-

331 730 386 751 nes
415 726 507 750 motu
534 721 602 753 axis
628 716 760 753 radente
786 726 983 764 peragantur
992 729 1005 756 ς
1041 717 1072 748 in
1099 726 1166 762 quo
1191 726 1285 750 motu
1311 717 1415 751 fiic'tio
1441 717 1615 752 ineuitabi-

331 766 368 802 lis
396 769 458 807 cst3
485 779 568 815 quae
595 777 669 802 cum
695 769 728 802 vi
754 768 955 813 magneticae
981 763 1186 804 inclmatrici,
1213 766 1245 798 in
1270 768 1397 800 ratione
1424 769 1503 802 finus
1519 767 1614 801 elon-

330 819 469 865 gationis
503 829 574 852 acus
606 829 623 851 a
649 828 726 851 vera
741 817 833 863 ipsius
847 815 1054 849 inclinatione
1067 813 1265 861 *magnetica
1291 815 1491 851 decrescenti
1517 816 1612 852 facile

330 866 473 915 aequalis
505 869 574 901 fieri
607 867 720 914 poffit;
758 877 853 899 acum
886 865 925 898 ad
958 866 1107 913 quietem
1133 862 1287 898 reducere
1314 866 1426 909 valet,
1467 867 1546 901 licet
1573 878 1612 901 ea

323 917 435 958 ¹adhuc
467 915 657 951 notabiliter
690 928 708 949 a
740 916 816 949 iusta
849 914 902 949 sua
929 913 1138 949 inclinatione
1163 913 1315 962 elongata
1343 919 1391 952 fit.
1445 915 1537 953 Acus
1562 919 1613 952 in-

328 967 514 1002 clinatoriae
541 962 797 1000 Bernoullianae
823 966 892 999 axis
920 962 1021 999 fulcro
1046 964 1241 1000 horizontali
1268 963 1385 1015 (ΙΙΙ.)
1418 965 1511 1014 super
1549 969 1613 1001 im-

327 1019 471 1065 ponitur,
497 1016 590 1062 super
616 1027 704 1064 quo,
730 1015 809 1049 dum
835 1013 960 1049 oscillat
985 1027 1079 1056 acus,
1105 1017 1174 1050 axis
1200 1027 1265 1050 non
1291 1018 1345 1051 nisi
1372 1027 1503 1052 motum
1528 1029 1610 1064 pure

325 1065 508 1101 voluntem
533 1064 648 1106 habet,
676 1077 693 1098 a
720 1077 787 1112 quo
815 1076 909 1099 motu
934 1068 1039 1099 omnis
1065 1063 1152 1100 abest
1177 1063 1296 1105 friffio,
1324 1077 1359 1102 et
1383 1078 1481 1117 quae,
1507 1069 1607 1116 siqua

325 1117 377 1158 fit,
404 1127 467 1150 non
493 1114 594 1150 solum
621 1116 690 1148 axis
716 1124 751 1147 et
777 1112 871 1148 fulcri
897 1113 1114 1160 laeuigatione
1141 1125 1176 1149 et
1202 1115 1344 1160 duritie,
1370 1128 1472 1164 atque
1500 1128 1607 1152 mate-

330 1169 462 1207 riarum,
490 1168 558 1199 axis
584 1162 740 1209 chalybei
765 1173 800 1196 et
827 1160 920 1197 fulcri
946 1165 1058 1203 vitrei,
1084 1162 1388 1210 heterogeneitate‚
1414 1168 1470 1203 sed
1495 1179 1555 1214 per
1576 1167 1611 1204 id

330 1227 463 1265 quoqne
490 1212 675 1249 insensibilis
699 1212 867 1254 redditur,
907 1211 997 1261 quod
1024 1209 1172 1259 cuspides
1200 1214 1260 1248 fint
1285 1213 1486 1260 cylindricae
1512 1217 1611 1253 adeo-

326 1278 392 1314 que
419 1267 523 1299 omnis
549 1275 662 1298 earum
688 1275 764 1297 cum
789 1261 894 1297 fulcro
919 1263 1096 1304 contactus,
1124 1265 1144 1297 fi
1171 1261 1310 1298 fulcrum
1336 1264 1435 1301 fuerit
1458 1266 1610 1314 planum,

325 1314 369 1349 ad
395 1314 507 1349 lineam
520 1327 533 1355 3
564 1317 584 1348 s1
611 1325 690 1348 vero
717 1311 855 1347 fulcrum
882 1323 1016 1362 quoque
1043 1313 1082 1346 fit
1108 1310 1349 1358 cylindricum,
1376 1319 1474 1365 eique
1501 1317 1608 1365 cuspi-

325 1363 382 1400 des
410 1367 610 1399 transuersim
637 1367 845 1410 imponantur
863 1390 872 1404 ,
909 1362 951 1397 ad
981 1357 1136 1410 punffum
1164 1363 1348 1399 reducatur.
1399 1364 1499 1401 Licet
1526 1379 1607 1403 vero

325 1419 359 1451 in
386 1414 444 1448 tali
477 1416 544 1448 axis
572 1426 644 1448 acus
671 1415 763 1463 super
792 1412 929 1447 fulcrum
956 1413 1255 1459 superimpofit³0ne
1291 1424 1441 1450 centrum
1468 1421 1611 1465 grauita-

323 1468 368 1500 tis
397 1476 469 1498 acus
496 1465 537 1497 ad
563 1476 660 1498 axem
686 1464 857 1498 reduaum
885 1475 950 1497 non
976 1461 1146 1511 quiescat,
1186 1462 1269 1504 led,
1310 1464 1355 1499 ob
1383 1476 1514 1501 motum
1540 1470 1609 1504 ax15

326 1515 420 1560 super
447 1512 550 1546 fulcro
575 1514 774 1548 horizontali
801 1512 1017 1552 volutorium,
1044 1511 1245 1555 alternatim,
1273 1511 1352 1549 dum
1379 1517 1506 1551 oscillat
1521 1528 1610 1561 acus,

325 1561 574 1596 horizontaliter
599 1562 824 1609 progrediatur
852 1572 886 1597 et
912 1561 1137 1610 regrediatur:
1180 1572 1292 1597 tamen
1317 1577 1390 1599 acus
1416 1566 1477 1602 hoc
1505 1568 1608 1602 modo

325 1611 455 1646 mobilis
481 1613 645 1657 grauitate
670 1613 724 1647 sua
751 1612 932 1649 nullatenus
964 1612 1168 1660 impeditur,
1209 1617 1382 1662 quominus
1410 1619 1441 1651 vi
1469 1617 1606 1651 inclina-

333 1664 406 1695 trici
432 1665 633 1708 magneticae
659 1661 826 1699 liberrime
852 1662 988 1712 obsequi
1014 1663 1122 1710 poffit,
1149 1672 1322 1711 propterea
1349 1667 1438 1716 quod
1464 1679 1537 1702 acus
1562 1670 1609 1702 ita

325 1714 448 1758 positae
465 1722 610 1747 centrum
629 1716 813 1760 grauitatis,
840 1712 916 1747 licet
942 1726 1006 1748 non
1033 1716 1194 1761 quiescat,
1223 1724 1345 1757 tamen,
1372 1729 1434 1751 non
1459 1717 1610 1752 obstante

329 1772 422 1796 motu
459 1761 539 1804 suo,
579 1761 704 1809 semper
740 1767 773 1800 in
799 1763 881 1797 linea
907 1763 1055 1798 verticali
1083 1773 1141 1811 per
1164 1765 1318 1810 punEium
1346 1768 1509 1801 contaetus
1537 1770 1607 1802 axis

331 1822 406 1846 cum
432 1810 534 1846 fulcro
561 1813 720 1848 versetur.
780 1812 869 1848 Cum
896 1823 1005 1848 tamen
1033 1824 1162 1848 motum
1189 1813 1274 1848 hunc
1300 1820 1403 1850 centri
1431 1818 1600 1863 grauitatis

333 1859 570 1895 horizontalem
595 1875 694 1910 quam
720 1866 890 1898 minimum
916 1864 979 1899 effe
996 1867 1191 1899 conueniat:
1218 1864 1417 1900 diametrum
1434 1867 1605 1914 cuspidum

333 1911 396 1945 effe
428 1922 524 1958 quam
551 1912 716 1947 minimam
741 1924 895 1961 oportet,
935 1915 1018 1949 salua
1046 1925 1156 1948 tamen
1182 1912 1282 1948 altera
1308 1916 1499 1951 conditione
1516 1941 1527 1957 ,
1568 1926 1606 1950 vt

326 1960 451 2006 pondus
478 1973 548 1995 acus
574 1961 695 2011 absque
721 1963 784 1998 vlla
809 1967 986 1999 inflexione
1015 1963 1098 1999 ferre
1125 1974 1267 2013 queant;
1295 1965 1382 2000 vnde
1410 1978 1449 2002 ne
1467 1980 1486 2000 n
1502 1968 1605 2001 mium

327 2020 502 2044 onerentur
518 2035 526 2047 ,
552 2011 675 2056 pondus
701 2024 775 2047 acus
802 2027 842 2048 ne
866 2017 904 2049 fit
931 2017 1023 2049 nimis
1050 2025 1204 2061 magnum
1229 2026 1376 2063 oportet.
1429 2015 1521 2051 Acus
1547 2016 1601 2051 su·-

328 2071 385 2106 pra
411 2060 588 2105 descriptae
613 2059 739 2107 pondus
766 2065 873 2098 inueni
902 2076 970 2108 507
998 2076 1179 2111 granorum.

181 2107 275 2161 (c)-
310 2108 412 2144 Licet
439 2122 456 2143 a
482 2121 544 2144 non
571 2110 712 2156 perfecta
746 2113 913 2159 cuspidum
945 2115 1214 2160 cylindricitate‚
1256 2117 1277 2150 fi
1304 2114 1395 2150 verbi
1424 2115 1525 2148 caussa
1552 2112 1603 2146 el-

328 2158 515 2209 lipsoidicae
539 2161 600 2195 lint
624 2163 657 2197 in
683 2162 808 2198 ratione
835 2165 947 2199 axium
973 2176 990 2200 ι
1020 2166 1062 2202 ad
1086 2175 1122 2207 ο,
1140 2177 1210 2211 95,
1237 2165 1302 2203 iam
1329 2177 1450 2201 errores
1476 2164 1602 2210 aliquot

1531 2224 1604 2261 δῖα·
