1851 2474
668 155 784 210 »ἐξ
846 150 863 211 )
903 152 1042 212 172(
1105 155 1221 208 23³3«-

412 267 551 315 media
589 271 631 317 1}
664 266 737 310 lin.
773 264 861 324 (a).
936 268 1053 311 Acus
1088 267 1313 309 secundum
1349 265 1420 309 has
1456 267 1682 313 dimensio-

409 348 483 379 nes
519 333 817 375 construendae
850 334 1007 384 massa,
1060 345 1115 374 ex
1150 340 1328 386 Vtroque
1362 332 1489 374 latere
1526 335 1584 376 ita
1618 335 1680 375 di-

407 399 642 447 stribuatur,
675 406 724 438 vt
757 406 951 438 centrum
988 397 1076 438 eius
1110 396 1323 449 grauitatis
1361 396 1502 439 saltem
1533 399 1679 454 proxi-

337 512 343 517 ,
405 473 476 503 me
510 461 556 501 in
591 460 779 501 medium
815 462 904 501 eius
939 461 1142 515 punctum
1179 460 1311 501 cadat.

282 580 339 628 H.
375 583 505 635 Acus,
540 583 855 640 praeliminario
891 586 1021 627 modo
1056 585 1114 625 ita
1148 586 1470 640 aequilibratae,
1513 592 1683 647 vtrique

409 649 528 691 lateri
562 649 605 690 in
650 651 792 694 medio
825 651 959 692 lineae
993 649 1089 690 bina
1122 649 1210 693 eius
1245 652 1437 694 acumina
1470 655 1681 710 iungentis

413 713 752 756 afferruminetur
795 715 929 769 cuspis
979 714 1210 766 chalybea,
1261 715 1455 757 diametri
1486 718 1682 762 dimidiae

411 776 580 819 circiter
628 777 766 820 lineae
817 776 892 837 (b)
945 787 989 819 et
1035 779 1134 821 duas
1185 789 1322 821 tresue
1369 780 1495 823 lineas
1529 782 1684 837 longa,

1613 858 1689 888 CX-

233 948 617 966 ——nn———u

1161 955 1291 965 ——--

271 1014 357 1066 (a)
407 1017 498 1055 Acus
537 1019 749 1056 dimensiones
792 1020 913 1070 duplici
952 1024 1037 1071 quasi
1077 1019 1183 1056 limite
1217 1022 1541 1059 circumscribuntur:
1585 1025 1691 1071 primo

417 1073 507 1105 enim
531 1070 771 1118 longitudinem
797 1084 869 1106 acus
895 1071 996 1106 talem
1022 1072 1085 1106 effe
1113 1083 1263 1119 oportet,
1297 1084 1334 1108 vt
1368 1072 1479 1116 limbi,
1515 1076 1582 1107 eius
1607 1072 1693 1108 obli-

418 1123 561 1169 quitates
588 1122 815 1160 mensurantis,
841 1120 953 1154 diuifio
981 1133 1022 1154 ne
1047 1124 1085 1154 fit
1110 1124 1203 1155 uimis
1228 1133 1347 1168 parua3
1386 1122 1482 1166 adde,
1510 1119 1612 1172 quod,
1637 1134 1692 1157 ce-

418 1172 497 1204 teris
522 1169 664 1215 paribus,
690 1180 765 1202 acus
791 1167 954 1215 longiores
978 1170 1120 1209 maioris,
1147 1182 1246 1218 quam
1274 1171 1456 1214 breuiores,
1483 1174 1692 1219 magnetismi

418 1228 552 1264 capaces
578 1220 645 1252 sint.
704 1216 832 1253 Contra
857 1229 939 1253 vero
965 1217 1038 1252 illae
1065 1219 1275 1255 dimensiones
1303 1225 1406 1255 etiam
1445 1222 1526 1256 tales
1552 1223 1612 1256 sint
1638 1233 1695 1257 ne-

420 1267 505 1303 cesse
531 1268 586 1311 est,
613 1277 651 1303 vt
678 1279 763 1310 acus,
790 1279 834 1302 ex
860 1280 923 1303 axe
948 1268 1004 1305 suo
1030 1268 1279 1305 horizontaliter
1305 1272 1466 1320 suspense,
1492 1274 1624 1320 proprio
1637 1272 1695 1308 suo

420 1316 570 1366 pondere
596 1329 695 1366 quam
721 1320 855 1352 minime
881 1321 1084 1359 incuruetur;
1111 1331 1173 1367 qua
1202 1321 1325 1357 scili'cet'
1351 1324 1526 1357 inflexione
1547 1331 1696 1356 centrum

422 1369 590 1415 grauitatis
616 1370 684 1402 eius
709 1368 787 1404 alios
813 1378 914 1416 atque
939 1368 1016 1404 alios
1041 1372 1074 1404 in
1099 1369 1228 1404 diuersis
1253 1383 1325 1405 aens
1351 1370 1600 1421 obliquitatibus
1619 1374 1693 1406 fitus

423 1416 641 1464 adipiscitur,
667 1427 706 1453 vt
723 1444 733 1461 ‚
765 1421 785 1453 si
812 1420 865 1455 vel
892 1422 1037 1454 maxime
1061 1422 1094 1453 in
1119 1431 1181 1453 vna
1207 1431 1280 1454 acus
1303 1424 1462 1467 positione
1489 1424 1520 1456 in
1546 1430 1694 1456 centrum

425 1467 634 1515 suspensionis
667 1470 734 1502 eius
767 1467 866 1505 fuerit
890 1469 1058 1504 reduftum
1076 1492 1087 1508 ,
1125 1471 1158 1504 in
1183 1469 1332 1505 omnibus
1360 1471 1427 1505 aliis
1453 1469 1533 1504 infra
1558 1470 1592 1504 id
1618 1483 1695 1506 cen-

424 1526 513 1554 trum
552 1517 771 1565 deprimatur5
811 1519 857 1564 id,
892 1518 982 1568 quod
1006 1517 1249 1554 obseruationes
1276 1518 1334 1552 tali
1360 1531 1419 1559 acu
1445 1521 1606 1553 institutas
1630 1532 1698 1554 non

425 1578 572 1603 erroneas
597 1567 736 1603 reddere
761 1582 825 1606 non
850 1571 966 1617 potest.
1027 1566 1236 1602 Imminuitur
1262 1578 1341 1601 vero
1366 1569 1419 1602 ista
1448 1579 1520 1602 acus
1545 1567 1699 1604 flexibili-

425 1628 484 1660 tas,
513 1630 577 1652 non
602 1616 704 1654 solum
730 1621 880 1668 augendo
906 1620 1075 1658 materiae,
1102 1630 1146 1652 ex
1171 1628 1233 1665 qua
1260 1618 1462 1658 construitur‚
1476 1619 1698 1664 rigiditatem,

423 1667 514 1703 vnde
540 1680 614 1703 eam
640 1681 684 1704 ex
712 1670 853 1717 chalybe
878 1668 981 1717 probe
1008 1667 1159 1703 indurato
1184 1668 1319 1701 construi
1345 1669 1510 1710 conuenit,
1537 1680 1605 1716 quo
1629 1669 1697 1717 ipso

422 1718 516 1754 simul
547 1722 595 1754 vis
628 1724 831 1767 magneticae
864 1722 1010 1754 tenacior
1040 1718 1173 1757 euadit5
1213 1716 1270 1752 sed
1294 1718 1444 1764 augendo
1469 1728 1602 1767 quoque
1629 1721 1697 1754 eius

423 1767 634 1804 altitudinem
660 1780 695 1804 et
721 1768 899 1806 minuendo
924 1771 991 1804 eius
1016 1766 1283 1815 longitudinem,
1321 1771 1409 1802 cuius
1435 1768 1558 1804 scilicet
1584 1768 1699 1818 biqua-

425 1819 535 1860 drato‚
561 1823 677 1855 ceteris
701 1820 984 1868 paribus‚¹acuum
1010 1829 1027 1851 a
1052 1819 1184 1866 proprio
1209 1816 1265 1851 suo
1290 1818 1433 1863 pondere
1459 1822 1698 1855 incuruationes

425 1871 682 1918 proportionales
708 1869 793 1906 sunt.
847 1867 1030 1905 Craffitiem
1056 1880 1129 1902 acus
1155 1865 1244 1914 quod
1270 1871 1410 1907 attinet,
1437 1868 1613 1906 commode
1638 1869 1698 1904 vsu

425 1922 544 1958 venit,
580 1930 620 1955 vt
652 1923 719 1955 eius
750 1922 936 1955 imminutio
953 1943 963 1960 ‚
1003 1916 1044 1950 ad
1069 1919 1116 1951 vis
1141 1920 1342 1965 magneticae
1368 1922 1439 1954 acui
1464 1919 1701 1969 imprimendae

425 1971 650 2005 intensitatem
690 1969 868 2019 optabilis,
907 1980 979 2006 acus
1017 1965 1267 2002 flexibilitatem
1307 1982 1371 2005 non
1404 1981 1531 2018 augeat.
1602 1967 1700 2004 Prae-

427 2019 558 2066 scriptas
591 2021 643 2055 hic
676 2020 886 2055 dimensiones
913 2016 962 2052 Ili.
987 2014 1160 2053 Bernoullz'
1186 2017 1304 2054 acubus
1330 2016 1540 2057 inclinatoriis
1565 2017 1696 2055 idoneae

382 2072 388 2075 “
431 2071 666 2115 experimentis
691 2068 927 2119 comprobauit.

283 2139 367 2194 (b)
415 2141 575 2193 cuspides
616 2146 679 2182 hae
717 2146 795 2182 tales
833 2147 893 2181 sint
928 2153 1071 2194 oportet,
1104 2154 1144 2180 vt
1172 2145 1276 2183 fric‘tio
1301 2160 1411 2183 earum
1436 2147 1488 2189 vel
1514 2149 1546 2181 in
1573 2143 1698 2187 cubili,

374 2226 379 2230 ,
435 2199 488 2231 cui
513 2198 750 2242 immittuntur,
775 2195 830 2234 vel
855 2197 948 2245 super
973 2194 1088 2238 fulcro,
1114 2199 1166 2232 cui
1191 2199 1285 2246 super
1295 2201 1517 2246 imponuntur,
1541 2198 1579 2232 sit
1600 2205 1699 2252 qu.²¹.¹¹

1604 2256 1703 2283 mim-
