1851 2474
701 214 819 265 ”201ss
880 210 1079 273 )358(
1140 214 1257 266 23³3<-

248 336 360 366 emno
394 336 416 364 a
457 337 511 366 12
547 322 708 379 Aprilis
758 337 893 383 vsque
944 328 995 371 ad
1042 328 1157 371 diem
1195 340 1253 369 12
1287 326 1467 376 Ianuarii
1502 331 1706 390 sequentis

246 389 345 430 anni
385 399 505 442 1779
543 390 710 435 cecidit.

624 515 688 567 V.
752 513 951 580 Reliqua
997 513 1353 580 phaenomena.

245 611 419 657 Grando
452 614 605 657 cecidit
640 615 708 657 die
745 627 803 666 30
839 614 1110 672 Septembris.

243 694 412 737 Tonuit
447 693 599 734 oc'iies:
654 692 722 734 die
756 693 912 735 scilicet
951 708 970 735 1
1012 704 1053 737 et
1093 704 1145 744 15
1184 692 1324 746 Maii,
1375 691 1442 733 die
1483 701 1539 732 10
1574 697 1618 732 et
1653 695 1708 732 16

430 758 563 808 Iunii,
599 757 668 798 die
709 768 759 807 15·
800 767 842 798 et
881 769 940 809 27
976 758 1097 808 Iulii,
1133 757 1201 799 die
1241 762 1298 799 16
1331 756 1512 812 Augusti
1545 765 1587 797 et
1621 754 1715 811 qui-

432 822 532 862 dem
567 821 611 861 in
648 821 805 863 vicinia
840 821 906 863 die
944 825 972 862 6
1006 822 1198 877 Augusti.

242 896 439 940 Aurorae
474 896 664 937 boreales
695 896 939 939 obseruatae
975 898 1147 939 fuerunt
1185 909 1269 946 30:
1308 896 1472 938 lucidae
1507 896 1712 940 nimirum

438 974 511 1011 12,
547 961 613 1002 die
653 974 708 1011 19
745 970 788 1002 et
826 974 880 1003 21
919 961 1127 1012 Ianuarii,
1162 962 1229 1003 die
1268 968 1322 1005 18
1360 960 1607 1012 Februarii,
1641 961 1711 1004 die

433 1029 506 1065 16.
548 1032 603 1067 18
640 1035 683 1066 et
720 1037 777 1065 22
813 1024 995 1075 Martii,
1040 1025 1107 1066 die
1144 1037 1199 1064 21
1240 1033 1284 1066 et
1321 1037 1378 1074 23
1414 1023 1609 1080 Aprilis,
1643 1025 1712 1067 die

436 1096 492 1131 28
529 1086 742 1140 Augusti,
794 1088 861 1127 die
912 1100 965 1127 21
1006 1097 1051 1129 et
1089 1099 1147 1137 30
1178 1086 1433 1142 Septembris
1470 1099 1511 1130 et
1546 1090 1612 1130 die
1652 1100 1708 1138 13

428 1150 693 1192 Decembris.
761 1149 929 1191 Deinde
987 1158 1036 1193 18
1084 1151 1322 1204 fulgentes,
1371 1152 1438 1192 die
1479 1160 1532 1196 18
1570 1161 1610 1192 et
1650 1163 1709 1191 20

425 1213 622 1262 ianuarii,
657 1213 725 1255 die
762 1225 819 1263 17
857 1222 899 1255 et
936 1224 990 1263 25
1018 1211 1247 1264 Februarii,
1282 1215 1349 1255 die
1373 1224 1444 1264 17.
1470 1218 1529 1253 26
1548 1214 1712 1267 Martii,

430 1277 498 1318 die
538 1289 594 1316 10
630 1286 673 1318 et
710 1287 764 1328 15
802 1276 979 1332 Aprilis,
1015 1277 1082 1319 die
1122 1291 1161 1319 1.
1199 1290 1239 1327 3.
1280 1290 1349 1319 12.
1390 1292 1461 1327 15.
1499 1289 1555 1329 17
1586 1287 1627 1319 et
1649 1291 1708 1320 22

428 1338 727 1395 Septembris,
774 1342 841 1384 die
879 1354 937 1383 20
971 1340 1263 1395 Nouembris,
1314 1350 1357 1384 et
1390 1336 1466 1385 die*
1493 1346 1535 1385 6.
1576 1354 1631 1388 10
1667 1351 1710 1386 et

432 1414 489 1457 17
527 1403 789 1448 Decembris.

244 1477 469 1523 Par-helion
515 1482 583 1525 die
626 1487 681 1524 ¹6
713 1483 909 1526 Ianuarii.

244 1556 423 1604 Flumen
474 1557 597 1600 Neua
657 1574 681 1600 a
736 1561 873 1616 glacie
919 1560 1145 1603 liberatum
1201 1557 1284 1601 fuit
1317 1559 1384 1601 die
1425 1565 1478 1603 18
1514 1558 1708 1612 Aprilis,

429 1622 649 1678 postquam
684 1637 761 1679 per
796 1626 974 1681 spatium
1018 1638 1104 1678 142
1141 1625 1300 1667 dierum
1328 1623 1459 1677 glacie
1478 1622 1707 1665 obduaestum

430 1687 627 1742 perstitit.
693 1688 813 1732 Tum
848 1703 954 1732 vero
987 1691 1054 1733 die
1095 1702 1149 1741 13
1187 1688 1447 1731 Nouembris
1483 1700 1633 1741 magna
1651 1698 1708 1730 ex

430 1760 552 1804 parte
586 1751 721 1806 glacie
758 1754 1063 1806 obducebatur,
1089 1754 1233 1809 postea
1250 1766 1377 1809 quam
1396 1765 1498 1809 ergo
1515 1765 1591 1811 per
1612 1762 1703 1804 209

429 1814 518 1857 dies
554 1829 578 1856 a
611 1816 745 1873 glacie
778 1818 1006 1861 liberatum
1041 1817 1202 1862 manfit.
