1851 2474
599 141 713 191 ”⁶553
777 134 974 198 )2x.a(
1035 141 1152 192 ἓῖεὲω

210 258 249 300 b.
315 252 562 306 Phlegmatis
618 253 914 301 flauescentis,
964 253 1268 306 empireumate
1313 253 1476 295 volatili
1522 257 1604 297 fra-

328 317 482 371 gramis
531 313 749 369 Vnc.jss.;
816 316 1096 370 Exploratum
1151 318 1231 358 hoc
1276 317 1481 371 sulphuris
1532 320 1606 360 he-

330 393 425 437 pate
461 393 535 434 per
572 382 808 421 coctionem
847 391 1006 434 parato,
1048 376 1217 423 nullam'
1241 382 1480 422 aciditatem
1511 396 1608 436 pro-

334 448 425 494 dit,
479 446 633 498 neque‘
661 444 913 485 solutionem
968 457 1105 486 cretae
1140 447 1182 486 in
1220 447 1341 486 acido
1377 447 1475 486 nitri
1513 459 1605 486 rnu-

335 520 410 552 tat.
479 507 690 562 Syrupu'm
735 508 944 550 violarum
992 509 1114 550 viridi
1161 520 1318 559 mutat,
1372 521 1413 550 et
1447 510 1496 549 ab
1541 511 1607 549 in-

329 574 482 615 stillato
529 572 666 614 Alcali
712 571 924 626 deliquato
977 572 1085 614 odor
1122 575 1252 628 magis
1287 573 1469 615 volatilis
1505 574 1603 614 inde

333 637 532 690 exsurgit.
1574 636 1576 639 ’

207 783 241 811 c.
307 765 560 817 Phlegmatis
613 765 782 806 obscure
835 762 933 803 flaui
982 761 1210 802 admodum
1262 763 1606 815 empireumatici

331 830 514 871 Vnciam
549 828 580 868 I.
617 842 713 869 cum
749 825 958 867 drachmis
996 823 1048 866 ΙΙ..
1118 825 1165 864 In
1202 838 1288 878 quo
1323 827 1532 879 reagentia
1565 837 1607 868 et

333 895 439 937 odor
483 892 566 945 ipse
614 891 793 933 volatilis
828 890 1026 946 principii
1063 889 1268 931 maiorem
1306 890 1604 932 abundantiam
1656 932 1659 935 ,

332 956 575 1013 prodebant.

207 1086 244 1128 d.
310 1084 446 1128 Simul
492 1096 585 1124 cum
627 1083 709 1124 hoc
744 1082 986 1136 phlegmate
1023 1083 1179 1136 prodiit
1218 1080 1375 1124 Oleum
1413 1085 1603 1138 primum

329 1150 502 1194 flauum,
537 1148 633 1187 dein
669 1146 857 1195 fuscum,
894 1148 1010 1186 cuius
1046 1148 1344 1187 tantummodo
1379 1147 1602 1189 drachmae

327 1213 382 1253 ΙΙ.
443 1210 686 1265 separabiles
738 1219 885 1257 erant,
935 1219 977 1249 et
1012 1209 1260 1249 tantundem
1295 1210 1384 1249 fere
1418 1222 1600 1253 retortae

330 1275 443 1317 collo
495 1274 727 1315 adhaeserat
806 1273 876 1314 Ab
921 1273 997 1312 isto
1032 1272 1141 1319 oleo,
1183 1272 1424 1326 phlegmate
1461 1277 1603 1315 mixto

327 1340 470 1391 Hepar
502 1338 724 1391 sulphuris,
761 1347 807 1376 vt
841 1347 883 1378 et
919 1333 1068 1376 Cretae
1103 1335 1253 1375 solutio
1289 1339 1599 1390 praecipitatur,

329 1403 441 1456 quod
497 1401 616 1441 simul
669 1401 773 1441 acidi
819 1411 860 1441 et
895 1399 1011 1440 alcali
1045 1398 1226 1441 volatilis
1263 1400 1330 1440 seu
1367 1404 1599 1444 ammonia-

326 1466 424 1507 calis
460 1466 655 1520 principii
689 1465 891 1506 indicium
926 1463 996 1504 est.

329 1592 525 1632 Refiduus
562 1607 584 1632 a
618 1593 889 1634 destillatione
926 1589 1065 1633 Carbo
1109 1593 1231 1633 unius
1268 1593 1413 1634 unciae
1435 1623 1444 1641 ‚
1500 1607 1599 1635 cum

141 1654 340 1695 drachma
375 1666 415 1696 et
449 1656 609 1696 duobus
647 1658 847 1711 scrupulis
884 1652 1043 1710 pondus
1080 1656 1249 1705 habuit,
1301 1657 1438 1698 forma
1472 1658 1602 1699 Bole-

140 1727 282 1759 torum
319 1730 440 1773 atque
477 1729 646 1762 textura
690 1722 851 1774 optime
886 1721 1040 1762 seruata
1063 1752 1072 1769 ‚
1108 1721 1221 1761 fibris
1267 1723 1398 1762 etiarn
1436 1724 1565 1776 magis
1588 1753 1599 1772 ‚

142 1795 267 1834 quam
314 1784 356 1823 in
399 1786 554 1824 recenti
593 1794 789 1833 textura,
842 1785 1089 1839 conspicuis,
1175 1783 1372 1826 Contrita
1410 1796 1452 1827 et
1489 1800 1596 1839 aqua

142 1846 252 1886 elota
300 1848 387 1887 salis
425 1850 630 1889 muriatici
665 1862 792 1903 grana
827 1850 972 1890 decem
1011 1850 1233 1901 exstitere3
1284 1848 1402 1888 alcali
1450 1850 1594 1891 defuit.

142 1908 409 1952 Simurcum
446 1912 537 1962 sale,
569 1914 743 1954 extracti
779 1914 1045 1955 fuscescentis
1082 1927 1142 1966 gr.
1161 1912 1216 1953 X.
1253 1914 1465 1967 prodiere.

332 2037 543 2081 Elixivata
578 2042 748 2082 materia
782 2043 1038 2084 carbonacea
1074 2044 1114 2083 in
1152 2042 1369 2083 crucibulo
1406 2041 1491 2082 usta
1522 2053 1596 2093 per

142 2099 355 2142 bihorium
416 2103 638 2146 drachmas
689 2107 787 2146 duas
841 2109 1031 2149 cinerum
1085 2108 1380 2160 nigricantium
1403 2137 1414 2154 ‚
1479 2105 1601 2143 adeo·

141 2177 223 2219 que
275 2177 362 2207 non
408 2167 456 2207 ab
482 2169 624 2221 „omui
658 2167 866 2224 phlogisto
901 2173 1200 2226 deputatorum
1235 2172 1433 2227 reliquit,
1489 2179 1598 2220 quae

841 2232 881 2275 D
903 2235 928 2274 d
964 2247 987 2284 3
1519 2240 1598 2285 per
