1851 2474
572 144 686 195 ”gt-⁵3
752 139 767 197 )
808 155 892 194 195
930 144 946 200 (
1011 143 1124 193 ἓςέω

128 256 465 299 commodiorem
517 254 635 295 vsum
674 269 696 295 a
732 255 771 295 b.
825 254 1027 296 Lowitzio
1081 252 1272 308 singulari
1312 253 1448 292 ‘modo
1483 266 1586 293 con·

131 321 291 368 structa,
327 318 548 359 didicimus
585 319 766 373 lapidem
807 329 1088 360 memoratum
1125 319 1330 358 existente
1368 316 1472 356 aeris
1509 317 1584 356 hu-

131 384 318 424 miditate
354 383 711 437 ponderofiorem,
747 384 1007 425 decrescente
1043 395 1147 422 vero
1180 382 1249 423 illa
1267 381 1471 422 leuiorem
1491 379 1584 429 effe,

129 456 254 502 atque
292 447 396 488 adeo
430 447 523 488 vice
558 447 837 502 Hygrometri
873 448 988 502 fungi
1024 447 1149 501 poffe.

316 574 395 617 Vt‘
432 584 571 616 autem
623 576 918 617 vicissitudines
969 575 1287 629 atmosphaerae
1339 574 1387 614 ad
1424 579 1587 613 certam

130 640 365 683 mensuram
405 650 674 688 reuocentur,
709 641 826 687 duos,
864 640 1003 693 prouti
1039 640 1080 679 in
1112 638 1467 679 Thermometris.
1506 645 1589 674 ter-

131 707 299 752 minos,
348 704 559 744 maximae
595 704 749 744 scilicet
785 704 978 744 siccitatis
1013 713 1055 743 et
1089 702 1382 751 humiditatis,
1419 701 1591 752 sequen-

132 778 218 810 tem
255 769 297 809 in
335 768 508 809 modum
546 767 936 808 determinauimus.

317 894 460 936 Electa
495 894 711 950 etrnostro
746 894 835 936 isui
870 904 978 949 apta,
1013 894 1110 934 dicti
1147 892 1292 946 lapidis
1329 892 1451 932 frusta
1487 890 1592 931 scin-

133 958 269 998 dimus
304 960 345 998 in
382 959 554 999 laminas
593 969 750 1007 tenues,
787 968 828 998 et
863 957 1086 999 conciliata
1120 957 1198 997 illis
1229 955 1360 1008 figura
1383 955 1588 1002 circulari,

133 1015 367 1063 terebamus
403 1034 533 1062 vnum
568 1020 726 1063 discum
762 1021 883 1076 supra
919 1023 1111 1065 alterum.
1149 1021 1357 1075 principio
1380 1019 1587 1059 mediante

132 1098 252 1126 arena
289 1087 504 1140 scriptoria
550 1095 593 1125 et
627 1099 762 1138 aqua,
816 1086 997 1139 denique
1034 1085 1116 1126 sola
1152 1097 1256 1137 aqua
1291 1084 1486 1124 vltimam
1526 1082 1591 1120 in-

129 1146 379 1191 ducebamus
414 1150 668 1204 polituram,
720 1148 979 1189 obseruando
1015 1158 1062 1187 vt
1097 1148 1242 1187 eadem
1280 1147 1440 1196 vbiuis,
1487 1158 1592 1198 quo-

134 1227 264 1267 usque
313 1213 410 1254 licet
461 1223 629 1254 maneat
673 1212 892 1265 crassities3
945 1211 1057 1266 quod
1096 1210 1290 1250 machina
1325 1210 1423 1250 huic
1465 1210 1592 1262 scopo

133 1278 403 1318 conuenienti
439 1277 611 1325 facilius,
648 1277 772 1316 citius
807 1286 847 1316 et
884 1276 1136 1323 accuratius,
1183 1287 1310 1328 quam
1348 1273 1467 1315 nudis
1504 1285 1592 1313 ma-

132 1341 268 1392 nibus,
303 1342 365 1382 vti
402 1354 476 1382 nos
512 1340 700 1392 fecimus,
737 1339 918 1381 obtineri
954 1339 1098 1394 potest.

324 1466 509 1510 Gradum
553 1469 811 1511 humiditatis
848 1470 1058 1511 maximae
1093 1467 1327 1522 reperimus
1365 1464 1594 1507 detinendo

138 1529 334 1582 lapidem,
369 1533 480 1571 ἆίὲὶῡ
517 1534 646 1572 modo
682 1545 971 1588 praeparatum
1008 1533 1079 1574 sub
1115 1546 1234 1585 aqua,
1271 1532 1406 1572 donec
1439 1543 1484 1570 ea
1506 1529 1593 1583 ple-

139 1604 191 1632 ne
227 1592 453 1645 saturetur3
490 1605 577 1637 tum
616 1599 796 1650 repetito
833 1599 988 1652 saepius
1024 1596 1192 1638 diuerfis
1225 1594 1484 1649 temporibus
1521 1605 1594 1633 ex-

137 1657 391 1709 perimentO,
426 1658 604 1713 lapidem
643 1661 767 1701 semel
804 1676 909 1715 aqua
943 1662 1279 1716 impraegnatum
1319 1656 1594 1700 constarsha-

139 1719 234 1759 bere
272 1723 453 1772 pondus,
488 1732 530 1763 et
565 1725 759 1766 rariffime
797 1726 867 1766 nifi
903 1728 1029 1767 vuico
1065 1737 1198 1779 grano
1234 1725 1486 1778 discrepare,
1522 1722 1592 1761 de-

140 1782 449 1836 prehendimus.
514 1786 706 1842 Tempus
741 1802 844 1831 vero
880 1791 1129 1840 minimum,
1174 1802 1259 1842 quo
1295 1786 1498 1829 eiusmodi
1536 1785 1597 1824 la-

140 1847 202 1900 pis
239 1848 358 1900 plene
394 1850 607 1900 saturatur,
644 1854 788 1895 exacte
819 1855 1098 1896 determinare
1135 1853 1361 1904 nonlicet3
1398 1851 1448 1891 ab
1472 1849 1594 1889 initio

138 1911 250 1950 enim
287 1913 377 1965 plus
401 1943 411 1961 ‚
463 1915 611 1957 deiude
647 1919 784 1958 miuus
819 1919 1008 1971 imbibit3
1069 1916 1217 1959 sufficit
1253 1916 1279 1956 fi
1326 1928 1400 1969 per
1436 1913 1596 1966 aliquot

137 1974 261 2015 horas
298 1975 367 2016 sub
404 1990 506 2030 aqua
541 1975 788 2022 detineatur.
866 1985 990 2038 Lapis
1025 1995 1078 2023 ex
1109 1995 1222 2034 ,aqua
1257 1979 1488 2027 extractus,
1525 1988 1597 2016 an-

138 2047 307 2090 tequam
344 2040 469 2080 librae
507 2044 765 2095 applicetur,
801 2046 975 2090 linteolo
1011 2047 1161 2088 leuiter
1198 2043 1488 2099 abstergendus
1525 2040 1595 2087 est,

139 2111 186 2142 ’vt
222 2100 425 2158 superflua
460 2105 626 2147 tollatur
660 2122 778 2162 aqua.

895 2198 929 2239 B
948 2199 973 2239 b
1010 2212 1035 2238 2
1475 2199 1595 2245 Alte,
