1935 2484
619 168 731 220 “4253
797 165 811 223 )
851 176 938 218 347
975 164 992 222 (
1058 165 1171 215 &530-

332 285 430 333 Jisl.
472 286 574 332 176.
612 279 794 323 Coelum
832 281 1041 321 serenum.
1130 275 1292 321 Ventus
1330 289 1385 318 ex
1422 273 1642 318 Occiden--

354 360 393 389 te.
429 349 574 389 leniter
612 346 799 400 spirabat.

233 458 273 485 2.
309 444 503 487 Altitudo
536 443 771 483 Barometri
815 442 991 482 minima
1031 442 1101 487 26,
1127 446 1211 487 83:
1266 437 1404 478 mense
1442 435 1629 478 Decem-

347 509 452 556 bris,
490 508 555 548 die
586 521 641 556 29
681 507 785 548 hora
815 505 921 547 VIII
950 505 1040 559 post
1078 503 1311 544 meridiem.
1376 501 1626 542 Thermom.

348 572 494 615 Delisl.
538 585 637 622 154.
691 571 859 612 coelum
913 568 1173 618 nubilosum,
1228 568 1360 608 auster
1412 568 1503 607 latis
1556 578 1630 606 ve-

338 637 536 678 ‘hemenffi

228 748 266 785 3.
303 734 497 775 Variatio
533 732 719 772 maxima
760 743 784 767 2
821 727 924 781 poll.

223 845 266 881 4.
304 829 497 870 Medium
548 827 658 867 inter
714 825 950 865 maximam
1004 820 1267 862 altitudinem
1301 827 1344 859 et
1379 818 1626 870 minimam,

346 905 418 942 27,
442 903 514 939 83·

226 999 263 1038 5.
301 987 539 1029 Bal-ometri
576 983 754 1025 altitudo
809 982 948 1024 media
998 983 1105 1022 inter
1162 990 1309 1021 omnes
1363 977 1624 1028 obseruatas,

348 1063 426 1102 2⁷7..
458 1065 522 1101 974
557 1049 627 1091 vel
666 1058 722 1097 27
744 1050 790 1098 ἐξ
823 1047 924 1100 poll.

225 1151 264 1188 6.
301 1147 370 1188 Ex
405 1146 584 1187 secunda
619 1142 757 1184 tabula
792 1151 929 1196 patet,
982 1138 1238 1179 mercurium
1273 1135 1317 1175 in
1354 1134 1455 1177 tubo
1488 1134 1623 1176 Baro-

341 1222 468 1263 metri
502 1221 541 1263 se
577 1217 809 1260 sustentass‘e

342 1296 464 1351 supra
560 1301 638 1344 28,
663 1305 722 1332 20
757 1290 859 1346 poll.
896 1302 973 1344 per
1007 1288 1093 1329 dies
1166 1287 1245 1335 663

567 1380 641 1422 28,
669 1383 724 1410 10
761 1367 861 1424 poll.
896 1380 972 1421 per
1005 1364 1090 1405 dies
1129 1375 1211 1412 ¹05

567 1456 641 1498 28,
664 1459 722 1485 00
750 1443 860 1500 poll.
897 1455 972 1496 per
1006 1439 1092 1482 dies
1130 1451 1218 1488 153>

570 1534 643 1573 27,
663 1535 722 1572 90
761 1520 861 1576 poll.
898 1531 973 1573 per
1007 1517 1094 1557 dies
1135 1516 1243 1564 2062}

567 1610 642 1649 27,
667 1607 721 1642 80
756 1596 858 1652 poll.
893 1606 970 1649 per
1004 1593 1091 1634 dies
1131 1591 1239 1641 253}

156 1728 267 1769 vnde
304 1727 594 1778 concluditur,
632 1727 888 1770 mercurium
926 1736 1002 1776 per
1036 1717 1302 1761 interuallum
1342 1713 1505 1756 dimidii
1540 1726 1614 1754 an-

154 1795 197 1834 ni
233 1791 299 1832 vel
324 1795 427 1839 182}
456 1793 642 1846 dierum,
678 1792 716 1834 sc
750 1788 979 1832 sustentasse
1014 1786 1136 1843 supra
1172 1782 1438 1824 altitudinem
1463 1786 1609 1829 27295

153 1857 223 1898 vel
259 1869 315 1906 27
336 1859 367 1908 {g
400 1856 501 1912 poll.

848 2235 940 2282 Xx
976 2250 1003 2279 2
1444 2239 1482 2285 3.
1512 2220 1613 2273 Dess
