1851 2474
725 173 844 224 “w‘ffi'ss
908 166 1108 228 )198(
1168 173 1281 230 ἓῖεέυ

463 285 643 338 subiiffe3
683 284 794 337 quod
832 283 1018 337 quolibet
1055 266 1263 335 tempore,¹
1297 281 1525 335 mergendo
1560 279 1652 322 illos
1688 281 1730 322 in

461 363 626 405 aquam,
666 357 707 388 et
740 348 882 403 postea
917 347 1212 402 ponderando,
1250 347 1432 400 experiri
1467 345 1576 386 licet.

448 475 517 517 Vt
553 477 709 517 diuersa
743 477 1029 530 Hygrometra
1063 478 1140 518 sint
1175 475 1473 517 concordant-ia
1494 507 1504 525 ‚
1552 475 1725 516 eandem

464 541 609 581 exat‘te
647 541 979 592 magnitudinem
1017 549 1057 579 et
1093 541 1308 581 crassitiem
1345 539 1546 588 habeant,
1593 540 1729 580 fimul-

463 617 545 658 que
579 605 766 657 pondera
802 603 1058 656 ipsorum‚'a
1093 604 1232 657 primo
1268 603 1391 642 initio
1427 615 1481 642 ex
1515 616 1619 656 aqua
1655 616 1728 644 ex-

450 668 712 724 trac'torum,
750 666 828 707 fint
865 666 1053 719 aequalia
1090 665 1247 706 necesse
1282 666 1367 716 est·⁷
1403 666 1514 717 quod
1550 677 1732 707 atteren-

461 732 516 772 do
554 732 805 772 alterutrum
843 730 1023 784 lapidem
1062 730 1180 784 supra
1216 730 1387 769 tertium
1423 728 1531 768 haud
1555 728 1728 770 difficul-

463 805 527 836 ter
563 795 769 848 praestare
805 794 916 835 licet.
984 792 1084 834 Non
1123 794 1333 848 possumus
1370 804 1510 832 tamen
1546 791 1730 842 diffiteri,

466 859 661 912 exiguam
709 858 1029 913 discrepantiam
1076 859 1185 899 inter
1238 856 1461 898 nonnullos
1515 856 1642 896 hosce
1675 855 1732 896 la-

461 924 579 978 pides
616 922 899 979 deprehendi',
934 922 1035 962 dum
1072 922 1224 963 scilicet
1259 934 1315 962 ex
1352 922 1445 974 igne
1473 921 1734 969 eximuntur,

463 999 548 1027 non
584 987 694 1027 idem
733 996 924 1027 accurate
961 987 1120 1039 pondus
1156 985 1336 1037 habere;
1372 985 1437 1024 sed
1474 985 1611 1037 granis
1632 985 1734 1024 duo-

462 1051 539 1092 bus
583 1048 652 1090 vel
697 1050 827 1091 tribus
864 1049 1061 1101 differre3
1113 1050 1224 1103 quod
1261 1050 1309 1089 ab
1344 1048 1591 1101 imperfedta
1626 1046 1736 1100 ipso-

466 1128 561 1156 rum
600 1113 863 1166 aequalitate,
898 1122 940 1152 et
975 1113 1109 1152 forsan
1147 1113 1229 1165 ipsa
1264 1112 1460 1152 denfitate
1500 1112 1736 1165 prouenire,

466 1178 628 1218 nullum
666 1176 720 1215 est
765 1175 952 1214 dubium.
1019 1173 1170 1214 Nihilo
1206 1176 1343 1215 minus
1379 1174 1593 1215 effecimus
1629 1175 1732 1214 duos

466 1240 624 1293 lapides
677 1250 856 1291 quorum
893 1250 998 1277 vnus
1035 1250 1088 1278 ex
1123 1240 1218 1291 igne
1252 1248 1444 1279 exemtus
1480 1238 1738 1292 ponderabat

471 1307 574 1353 126,
600 1314 620 1351 5
660 1315 799 1354 grana,
852 1301 953 1342 alter
986 1312 1089 1341 vero
1139 1309 1253 1354 1263
1305 1302 1373 1342 ille
1415 1315 1519 1355 aqua
1553 1302 1736 1342 imbutus

466 1367 602 1421 granis
638 1374 725 1407 erat
766 1376 850 1416 179
888 1377 1111 1419 granorum
1151 1375 1193 1405 et
1227 1365 1294 1406 hic
1337 1368 1473 1417 :7833
1508 1375 1603 1405 ante
1639 1375 1734 1404 can-

468 1431 746 1473 defaetionem
798 1442 902 1470 vero
960 1438 1135 1483 vterque
1185 1437 1271 1473 180
1308 1442 1435 1483 grana
1470 1427 1741 1482 ponderabat.

470 1495 672 1536 Institutis
708 1507 781 1547 per
816 1494 911 1534 oc'to
948 1493 1102 1536 menses
1139 1494 1327 1546 quotidie
1364 1491 1740 1540 obseruationibus,

461 1559 697 1600 differentia
744 1559 854 1601 inter
905 1558 997 1598 illos
1044 1570 1257 1610 nunquam
1293 1557 1428 1604 sesqui
1463 1567 1642 1607 granum
1679 1554 1744 1593 su-

467 1623 652 1677 perabat.
726 1621 853 1676 Quod
893 1622 920 1662 fi
955 1622 1083 1674 igitur
1137 1621 1332 1661 machina
1382 1619 1531 1659 idonea
1579 1627 1619 1659 et
1655 1630 1743 1657 ma-

469 1701 545 1728 nus
581 1687 802 1727 exercitati
838 1686 1007 1726 artificis
1044 1678 1298 1733 adhibeatur,
1334 1682 1542 1725 eiusmodi
1573 1682 1743 1734 Hygro-

470 1761 606 1792 metra
642 1749 939 1791 concordantia
974 1748 1124 1791 confici
1159 1750 1270 1801 poffe
1307 1759 1391 1787 non
1428 1745 1683 1786 dubitamus.

460 1876 573 1920 Cum
609 1878 812 1934 lapidibus
849 1876 1029 1917 diuersae
1066 1876 1394 1930 magnitudinis,
1447 1874 1514 1915 sed
1557 1871 1745 1914 eiusdem

475 1956 583 1996 pene
621 1943 808 1984 craffitiei
831 1972 841 1990 ,
873 1941 1126 1989 instituimus
1163 1941 1288 1980 etiam
1326 1938 1634 1979 obseruationes
1658 1966 1668 1984 ‚
1704 1944 1745 1975 et

478 2009 715 2059 reperimus
761 2017 908 2046 omnes
955 2004 1048 2043 illos
1102 2005 1362 2044 incrementa
1398 2015 1444 2042 ac
1479 2002 1747 2042 decrementa

475 2069 735 2113 humiditatis
772 2068 890 2108 fimul
926 2068 1122 2114 indicare,
1159 2078 1200 2108 et
1234 2069 1417 2122 pondera
1452 2065 1745 2106 humiditatem

475 2132 705 2174 indicantia
759 2133 872 2184 sequi
918 2144 1049 2185 prope
1087 2134 1297 2172 rationem
1336 2133 1636 2172 diametrorum
1673 2127 1749 2166 du-

475 2196 687 2254 plicatam.
754 2195 874 2237 Hanc
926 2204 1067 2237 tamen
1115 2195 1319 2250 Regulam
1366 2208 1451 2236 non
1487 2193 1564 2235 effe
1599 2189 1751 2232 intelli-

1646 2263 1746 2307 gen-
