1851 2474
593 173 707 225 ”3233
774 168 789 227 )
828 185 917 222 229
955 168 971 227 (
1040 171 1154 220 &lt-23<-

142 293 184 333 in
222 290 341 330 icone
376 287 510 336 edita,
563 298 612 325 ea
646 285 934 340 postponenda
972 284 1099 338 igitur
1136 283 1193 325 est
1226 283 1418 325 varietati
1455 286 1606 340 alteri;

141 355 209 396 sed
244 353 502 407 frequentior
537 350 642 391 mihi
679 360 771 391 tum
806 349 876 391 illa
914 350 992 390 effe
1028 347 1263 392 videbatur.

331 478 618 521 Pulcherrima
667 475 815 531 procul
867 475 995 516 dubio
1044 474 1207 528 aspectu
1244 473 1300 514 est
1336 472 1406 515 illa
1441 473 1607 516 valuula

142 543 376 595 Eustachii,
413 555 537 597 quam
580 541 763 582 Hallerus
799 540 915 593 pingi
952 540 1115 580 curauit
1148 539 1191 577 in
1227 537 1417 579 iconibus
1451 539 1529 580 suis
1567 553 1607 580 a·

143 611 390 658 n·atomicis;
443 619 549 659 quae
604 614 691 646 tota
742 603 961 645 reticulata
1012 613 1136 656 atque
1174 601 1355 642 cribrosa
1391 603 1459 643 est.
1545 602 1608 643 At

145 676 383 729 quicunque
422 670 512 711 vsus
549 669 730 723 specialis
767 668 814 708 fit
845 666 1035 708 valuulae
1063 664 1295 720 Eustachii3
1331 666 1513 715 nullam,
1549 668 1610 707 fa-

144 739 222 779 cile
256 738 397 784 vicies,
442 734 653 774 valuulam
690 733 823 772 vllum
860 730 978 770 vsum
1013 729 1165 769 habere
1201 729 1339 783 poffe‚
1392 743 1498 782 quae
1533 743 1608 784 pe-

147 804 258 842 nitus
311 801 520 854 perforata
572 797 619 836 fit
670 805 793 848 atque
844 793 1037 834 cribrosa.
1128 791 1247 832 quat
1284 792 1422 845 itaque
1459 793 1608 847 procul

145 865 273 906 dubio
309 865 477 904 iconem
511 861 661 902 habere
714 857 1040 912 pulcherrimam
1094 856 1253 896 summa
1288 868 1385 901 cum
1424 867 1509 897 arte
1547 858 1609 910 pi-

146 931 255 971 stam
291 937 332 968 et
367 926 567 978 sculptam
604 923 779 964 fabricae
832 919 1175 974 elegantiffimae,
1228 930 1426 973 tanquam
1482 921 1609 969 alicu,-

142 996 231 1043 ius‚
283 1004 387 1045 quae
421 989 646 1037 exstiterit,
674 997 894 1039 -quaeque
936 985 1081 1033 detur,
1133 984 1376 1038 varietatis3
1429 994 1469 1025 at
1506 997 1606 1026 vem

143 1056 342 1099 structura
375 1065 461 1094 non
497 1053 574 1103 est,
621 1063 747 1105 quam
783 1048 974 1091 consulto
1009 1058 1156 1089 natura
1191 1048 1348 1090 fecerit.

330 1185 408 1226 His
443 1183 674 1238 exemp1i5‚
728 1181 876 1235 quibus
913 1181 1033 1221 facile
1069 1180 1190 1234 plura
1227 1182 1376 1223 addere
1419 1184 1604 1236 poffem,

143 1260 286 1306 patet,
324 1262 408 1290 non
444 1248 608 1302 semper
644 1256 863 1295 naturam,
900 1257 1034 1298 neque
1070 1246 1111 1284 in
1149 1244 1315 1298 singulis
1343 1247 1604 1300 corporibus,

144 1315 299 1367 vbique
334 1313 511 1354 omnino
547 1313 664 1352 suum
700 1309 892 1350 obtinere
930 1308 1192 1362 propofitum
1227 1308 1385 1362 finem3
1438 1312 1608 1351 contin·

140 1389 240 1431 gere
271 1389 573 1430 nonnunquam
603 1374 670 1415 vel
701 1375 828 1414 causis
864 1372 1204 1422 accidentalibus,
1240 1374 1351 1426 quasi
1388 1375 1610 1426 morbofis,

141 1440 208 1482 vel
245 1441 458 1482 debilitate
492 1440 648 1480 virium
685 1438 1009 1487 formatricium,
1046 1437 1383 1489 nutriciumqne,
1420 1438 1488 1479 vel
1524 1442 1606 1480 im-

141 1504 394 1558 pedimentis
442 1503 688 1544 formationi
741 1501 966 1556 oppositis,
1016 1500 1083 1541 vel
1119 1500 1436 1555 quibuscunque
1474 1503 1604 1544 causis

144 1567 256 1616 aliis,
308 1578 354 1607 vt
404 1566 559 1606 fabrica
610 1567 799 1606 struenda
851 1565 962 1605 haud
1012 1565 1104 1605 satis
1140 1578 1194 1605 ex
1231 1575 1336 1606 voto
1388 1566 1605 1620 succedam

143 1632 390 1684 contingere
439 1639 607 1678 contra,
658 1639 705 1669 vt
741 1630 890 1670 melius
940 1629 1152 1683 paululum
1188 1630 1231 1670 in
1269 1629 1380 1678 aliis,
1430 1631 1473 1670 in
1512 1630 1602 1673 aliis

140 1696 268 1748 longe
303 1694 465 1747 optime
500 1704 541 1734 et
578 1692 753 1734 mirifice
806 1693 1021 1742 succedat,
1073 1707 1158 1746 quo
1200 1695 1377 1748 plenum
1431 1705 1602 1737 natutae

142 1757 360 1800 confilium
398 1757 514 1798 nobis
549 1756 660 1810 quasi
697 1758 994 1798 manifestetur.
1075 1757 1194 1798 Tum
1231 1760 1302 1799 vsu
1340 1760 1468 1812 partis
1506 1774 1602 1814 per-

142 1823 280 1876 spec'to
315 1822 464 1877 igitur,
499 1830 567 1862 aut
602 1820 684 1861 fine
721 1821 958 1875 perspesto,
1009 1822 1051 1861 in
1089 1835 1218 1875 quem
1259 1833 1419 1876 partem
1458 1834 1603 1864 natura

142 1886 314 1933 struxit,
368 1898 415 1925 ea
448 1898 545 1939 prae
582 1886 731 1926 ceteris
777 1885 966 1939 eligenda
1009 1885 1162 1927 fabrica
1197 1888 1302 1935 erit,
1355 1899 1436 1940 qua
1473 1900 1602 1941 quam

144 1948 391 2004 penitiffime
426 1960 466 1990 et
502 1962 625 2002 quam
661 1950 859 1991 facillime
894 1951 928 1991 is
965 1949 1060 1990 finis
1098 1950 1324 1991 obtinetur.

335 2075 529 2130 Denique
565 2084 705 2117 tamen
744 2087 785 2117 et
829 2077 921 2118 fieri
965 2079 1077 2133 posse
1112 2079 1303 2130 videtur,
1355 2091 1401 2122 vt
1437 2082 1486 2123 ad
1523 2082 1602 2123 fre-

145 2143 361 2198 quentiam
411 2140 635 2181 struciurae
670 2141 717 2181 fit
754 2143 1071 2194 respiciendum.
1156 2143 1263 2185 Sunt
1298 2157 1461 2199 partes,
1511 2159 1605 2199 par-

147 2210 337 2263 tiumque
390 2204 638 2255 structurae,
688 2205 731 2244 in
767 2204 914 2258 quibus
951 2208 1048 2259 quid
1092 2208 1318 2264 pulchrum
1371 2210 1604 2262 imprimis,

880 2268 955 2309 Ff
984 2282 1006 2320 3
1451 2273 1606 2326 quidue
