1851 2474
601 141 716 196 »ἔς-ἒξ
780 138 796 199 )
835 152 920 182 221
959 137 976 198 (
1040 134 1166 191 &EQ-‘¹

143 258 300 303 Hallert‘
349 265 390 298 et
438 255 628 297 maxime
677 256 871 295 omnium
906 254 948 294 in
985 255 1096 308 rugis
1132 253 1329 308 vaginae,
1380 265 1485 307 quae
1526 256 1603 299 vix

143 325 371 379 quidquam
416 321 525 361 inter
571 320 611 360 se
654 319 785 360 fimile
819 320 861 358 in
895 319 1002 360 binis
1037 319 1226 359 iconibus
1263 317 1432 358 habent.
1517 317 1602 358 Co·

143 389 211 442 pia
245 385 442 426 differunt
477 384 710 437 plurimum
746 393 791 423 et
825 383 901 422 fitu
937 393 981 422 et
1014 383 1279 436 dispositione
1315 392 1355 421 et
1391 382 1600 433 maguitu-

141 445 238 491 d'ine
273 459 315 488 et
348 447 502 500 figura,
539 460 646 498 quae
680 446 832 500 longae
868 448 1121 487 transuersae
1156 445 1398 486 reticulatae
1433 445 1474 483 in
1503 457 1598 493 vna,

140 512 341 567 dispersae
385 510 453 551 vel
501 521 745 563 cogregatae
783 520 824 550 et
858 509 1077 563 papillares
1114 511 1156 549 in
1193 509 1323 549 altera
1377 508 1600 549 obseruau-

141 587 219 620 tur.
290 576 431 628 Atque
467 574 570 615 haec
605 575 776 628 quidem
812 573 1074 627 exemplaria
1109 574 1355 626 vaginarum
1392 585 1476 612 non
1513 572 1599 627 ipsa

142 654 190 683 ea
226 655 280 684 ex
314 638 500 694 pluribus
535 639 651 689 sunt,
687 652 795 693 quae
830 639 1018 679 maxime
1051 639 1167 678 inter
1199 639 1237 678 se
1273 637 1500 678 differrent.

328 767 377 807 In
414 767 528 808 atriis
563 766 722 814 cordis,
757 766 966 818 imprimis
1003 765 1043 803 iu
1081 766 1256 811 dextro,
1293 773 1337 803 et
1372 765 1412 802 in
1442 763 1600 803 ventri-

141 829 244 869 culis
280 841 461 884 quoque,
497 843 621 884 quam
659 830 788 869 mirae
824 830 1100 868 inueniuntur
1136 829 1380 875 varietates,
1410 828 1434 867 s1
1471 830 1599 882 pluri-

140 905 213 933 um
249 884 471 937 hominurn
507 895 634 934 corda
668 895 898 934 accuratius
933 893 1224 938 delineamus,
1272 893 1498 945 leonesque
1535 894 1598 932 in-

142 965 209 997 ter
244 956 282 996 se
318 968 632 1011 comparantur.
719 956 835 997 Duas
871 957 1001 996 modo
1035 949 1242 997 eiusmodi
1280 961 1421 996 icones
1455 970 1600 996 coram

140 1019 304 1068 habeo,
354 1034 532 1075 quarum
569 1022 736 1061 alteram
776 1012 813 1060 iu
852 1021 1135 1061 dissertatione
1170 1021 1219 1060 de
1255 1019 1420 1059 orificio
1467 1033 1598 1061 venae

140 1085 384 1126 coronariae
435 1097 610 1138 magnae
658 1085 811 1138 publici
847 1085 946 1124 iuris
983 1084 1088 1131 feci,
1147 1086 1318 1124 alteram
1356 1083 1459 1124 mihi
1496 1098 1599 1125 cou-

137 1149 274 1189 seruo.
340 1147 401 1189 At
427 1149 525 1188 istae
550 1150 632 1188 iam
669 1146 877 1187 sufficiunt
911 1147 960 1185 ad
995 1147 1356 1188 demonstrandam
1392 1149 1595 1201 infignem

138 1212 183 1252 in
228 1211 379 1252 fabrica
429 1213 567 1253 cordis
618 1210 913 1251 differentiam.
994 1210 1170 1263 Largior
1204 1221 1243 1250 et
1279 1213 1364 1251 fere
1401 1213 1597 1253 vndulata

138 1274 309 1316 valuula
342 1274 549 1329 Eustachii
599 1276 643 1315 in
687 1287 736 1315 ea
768 1274 824 1314 est
859 1266 1006 1322 ic'one,
1058 1287 1184 1325 quam
1241 1276 1375 1324 edili,
1430 1277 1598 1330 augusta

139 1339 309 1378 extensa
359 1350 479 1379 acuta
530 1340 571 1378 in
622 1338 779 1388 altera;
830 1337 1146 1390 angustiffimam
1184 1348 1225 1377 et
1268 1340 1343 1378 vix
1380 1339 1508 1380 vllam
1554 1335 1617 1381 in·

137 1403 266 1441 tertio
303 1403 478 1442 memini
517 1415 583 1442 me
623 1403 760 1441 vidisse
797 1403 922 1441 corde
956 1402 1069 1454 quod
1107 1415 1189 1440 non
1227 1402 1360 1454 pinxi.
1451 1403 1595 1445 Fibril-

135 1463 185 1505 lis
215 1465 373 1518 aliquot
406 1465 706 1506 subreticulatis
741 1466 987 1506 extremitas
1024 1467 1228 1517 posterior
1263 1468 1304 1509 in
1342 1468 1469 1520 priori
1506 1471 1596 1509 ico-

135 1540 189 1567 ne
225 1529 494 1576 terminatur,
526 1520 739 1576 anterior,
792 1544 814 1570 a
851 1529 982 1570 limbo
1017 1529 1162 1570 foueae
1210 1528 1286 1583 pro
1322 1531 1485 1572 orificio
1522 1547 1596 1574 ve·

138 1604 214 1632 nae
251 1592 492 1632 coronariae
527 1605 703 1645 magnae
737 1593 945 1642 distincta,
989 1605 1186 1634 extremo
1223 1596 1302 1635 fine
1341 1597 1506 1637 taudem
1545 1598 1594 1638 ad

138 1655 243 1696 latus
278 1654 400 1695 huius
435 1655 584 1696 orificii
622 1656 659 1696 se
695 1657 888 1710 applicat.
968 1657 1015 1697 In
1052 1658 1178 1699 altera
1225 1661 1346 1700 icone
1391 1663 1594 1702 extremi-

137 1728 197 1760 tas
234 1719 436 1777 posterior
469 1719 646 1773 simplex
681 1731 723 1760 et
759 1722 986 1762 tenuiffima
1019 1723 1097 1770 est,
1149 1727 1332 1765 anterior
1369 1736 1455 1765 tota
1501 1727 1595 1767 li'u·

137 1784 193 1823 bo
227 1783 377 1823 foueae
411 1782 634 1832 adhaeret,
682 1785 749 1824 vel
785 1787 922 1839 potius
958 1786 1042 1838 ipsa
1078 1787 1187 1828 hunc
1227 1790 1401 1830 limbum
1440 1789 1593 1839 efficit,

137 1848 287 1899 quiin
322 1847 446 1887 corde
496 1849 625 1902 priori
678 1850 896 1903 peculiaris
947 1860 1060 1898 erat,
1113 1862 1153 1892 et
1189 1853 1353 1893 valuula
1399 1854 1445 1893 ad
1483 1855 1590 1893 basin

141 1911 295 1962 aliquid
346 1911 507 1951 reticuli
555 1911 691 1954 habet.
772 1916 882 1956 Tota
921 1914 1096 1955 mirifice
1133 1918 1369 1964 reticulata,
1423 1918 1589 1969 qualem

140 1988 355 2027 nunquam
388 1975 499 2022 vidi,
546 1986 588 2016 et
622 1969 786 2030 qualem
826 1979 898 2019 vix
932 1980 1062 2018 credo
1099 1993 1281 2032 uuquam
1320 1982 1360 2021 iu
1398 1982 1478 2021 alio
1513 1985 1589 2024 csse

139 2040 353 2081 inuentam
391 2038 615 2090 cadauere,
649 2041 692 2080 in
727 2041 883 2082 Hall'eri
918 2043 1107 2085 iconibus
1143 2047 1384 2087 anatomicis
1421 2048 1563 2087 exstat.

323 2162 441 2206 Fossa
483 2165 614 2209 oualis
663 2167 831 2211 solitam·
878 2168 1175 2216 subrotulndarn
1228 2174 1402 2230 figuram
1441 2175 1480 2213 in
1517 2187 1587 2223 ea,

869 2231 946 2274 Ee
983 2245 1007 2283 3
1463 2250 1588 2291 quam
