1851 2474
573 178 690 234 »3³3
750 173 950 239 lm(
1011 176 1129 232 θεῷ·

122 297 348 351 ductusque
381 292 631 348 elegantiam
668 295 738 337 vel
781 293 1112 350 perspiciendam
1159 302 1287 347 atque
1322 305 1584 347 cognoscen-

121 363 248 410 dam,
295 359 365 414 vel
407 360 742 413 exprimendam.
808 359 960 413 Neque
996 358 1130 413 potest
1164 358 1366 398 soluendo
1403 371 1582 401 neruum

121 425 395 474 anatomicus,
434 423 503 465 vel
541 425 706 480 fingulis
743 437 822 478 pro
858 425 976 465 nerui
1013 423 1176 477 punctis
1212 423 1363 476 puncta
1398 423 1471 463 fibi
1508 435 1587 463 no-

122 501 211 535 tare
246 491 289 532 in
327 489 538 539 musculis,
560 489 629 530 vel
662 487 847 543 partibus
883 488 1084 536 subiectis,
1119 486 1189 527 vel
1222 499 1409 539 vnquam
1441 488 1612 528 denuov

124 573 170 601 ea
216 557 369 612 puneta
399 554 603 604 inuenire,
638 554 668 594 si
702 552 831 593 semel
864 565 956 606 pars
995 551 1113 592 nerui
1149 563 1171 590 e
1206 550 1274 591 sua
1310 551 1403 592 sede
1439 550 1486 590 sit
1522 563 1586 591 ie-

123 633 254 664 mota.
326 620 382 660 Et
415 630 549 668 arcus,
585 630 710 671 quem
751 629 900 658 neruus
936 614 1245 670 progrediendo
1277 613 1481 662 describit,
1518 614 1586 655 vel

122 687 258 728 flexio
294 683 513 737 quaedam,
549 682 616 723 vel
650 680 881 731 inclinatio,
903 679 1136 722 innumeris
1173 678 1308 720 modis
1340 688 1424 719 arte
1447 679 1585 719 varia-

123 752 160 791 ri
195 748 344 804 potest.

315 843 382 886 Sic
418 856 533 898 ergo,
567 853 613 885 vt
647 858 716 887 me
751 843 976 898 expediam
1013 854 1035 882 a
1062 838 1321 895 digressione,
1356 839 1588 894 proceden-

125 912 227 952 dum
263 911 319 952 est
354 910 397 949 in
432 911 732 962 cognoscendis
769 909 920 950 neruis.
989 905 1288 946 Remouendae
1319 917 1425 958 quae
1451 916 1586 958 partes

125 974 389 1017 incumbunt.
472 973 588 1013 Tum
625 973 821 1014 haetenus
859 970 1054 1012 cellulosa
1089 983 1111 1009 a
1147 979 1299 1009 trunco
1332 969 1553 1009 auferenda
1576 999 1586 1018 ‚

125 1052 207 1093 qua
242 1050 338 1079 eum
374 1035 610 1090 abscondit3
645 1037 770 1091 idque
804 1049 878 1090 per
914 1046 1088 1076 omnem
1117 1034 1238 1073 nerui
1274 1033 1451 1073 tractum
1494 1045 1589 1087 per-

124 1115 205 1157 que
241 1100 463 1155 primarios
499 1113 653 1151 ramos,
689 1103 761 1153 qui
798 1102 839 1140 in
875 1100 1018 1141 eadem
1055 1111 1153 1138 cum
1190 1107 1340 1138 trunco
1369 1096 1589 1151 superficie

124 1174 298 1214 natant,
348 1164 599 1204 faciendum.
669 1164 791 1218 Quae
836 1161 989 1202 faciem
1036 1170 1174 1200 autem
1213 1163 1396 1201 auersam
1435 1161 1588 1209 nerui,

123 1231 238 1278 imo,
274 1240 378 1281 quae
413 1226 543 1267 latera
577 1238 720 1274 tenet,
756 1226 959 1277 illumque
996 1224 1044 1263 ad
1082 1223 1309 1273 musculos,
1344 1224 1409 1264 teu
1447 1234 1588 1277 partes

124 1293 324 1334 subiec‘tas
346 1320 357 1340 ,
392 1291 593 1340 annectit,
646 1289 838 1331 cellulosa
874 1288 1025 1328 intacta
1059 1286 1269 1327 seruanda.
1338 1286 1406 1327 Sic
1442 1288 1590 1328 dudtus

124 1358 246 1397 nerui
284 1355 410 1396 totius
448 1367 544 1394 cum
582 1355 708 1395 ramis
744 1353 821 1393 suis
857 1351 1089 1407 primariis,
1124 1362 1210 1403 quo
1245 1363 1379 1403 vsque
1417 1351 1477 1391 isti
1516 1365 1589 1404 ap-

123 1430 297 1474 parent,
336 1417 605 1458 membro'in
641 1428 785 1471 aptum
823 1417 943 1457 sitnm
979 1414 1171 1463 redacto,
1210 1413 1465 1463 delineetur,
1504 1428 1587 1467 qua

123 1483 287 1524 ratione
321 1482 363 1521 in
403 1480 599 1522 musculis
635 1482 901 1535 progreditur
937 1490 978 1520 et
1012 1491 1111 1533 quas
1132 1478 1241 1519 sedes
1278 1478 1444 1531 singulis
1466 1478 1523 1518 sni
1544 1488 1588 1519 et

123 1558 341 1587 ramorum
387 1545 573 1597 partibus
618 1556 749 1586 tenet.
821 1546 898 1585 Hic
933 1544 1048 1584 labor
1083 1544 1277 1583 omnium
1313 1541 1587 1584 difficillimus

124 1609 192 1650 est.
262 1609 328 1648 Eo
372 1607 541 1660 peracto
592 1608 691 1649 licet
740 1617 960 1657 truncum,
1003 1607 1393 1661 primariorumque
1444 1620 1588 1648 ramo·

124 1684 218 1713 rum
257 1671 466 1725 principia
502 1672 714 1723 expolire,
751 1686 835 1726 quo
869 1673 1012 1712 iustam
1051 1684 1161 1712 nunc
1197 1671 1416 1712 crassitiem
1455 1683 1588 1712 neruo

124 1735 280 1788 vbique
318 1743 363 1773 et
399 1735 440 1773 in
477 1734 642 1789 fingulis
690 1737 747 1777 sni
783 1736 981 1789 partibus,
1018 1746 1058 1776 et
1078 1737 1399 1789 proportionem
1423 1737 1584 1785 iustam,

125 1809 167 1840 et
205 1810 333 1852 porro
369 1799 669 1840 rotunditatem
708 1801 834 1850 suam,
857 1811 927 1841 aut
953 1800 1187 1854 planitiem,
1224 1811 1265 1841 et
1288 1813 1429 1841 crenas
1457 1812 1588 1854 porro

125 1873 167 1903 et
192 1861 476 1915 impressiones
497 1873 538 1903 et
557 1863 725 1913 fissuras,
759 1875 800 1905 et
831 1877 1107 1919 quaecunque
1146 1867 1187 1905 in
1226 1877 1355 1905 neruo
1391 1864 1585 1904 obserua-

125 1927 224 1967 bilia
260 1927 378 1973 sunt,
431 1927 600 1968 reddere
635 1929 768 1982 poffis.
837 1928 1036 1969 Tandem
1074 1930 1287 1983 postremo
1324 1938 1366 1968 et
1402 1927 1586 1968 surculos

124 2002 306 2044 quoque,
343 2001 427 2041 quo
462 2003 588 2043 vsque
622 1991 747 2041 lubet,
790 1993 980 2033 euoluito
1017 2004 1062 2034 et
1100 1993 1209 2035 iconi
1245 1992 1401 2033 addito.
1470 1991 1588 2034 Mus-

126 2054 208 2096 culi
245 2061 452 2093 caeterum
492 2054 692 2095 methodo
728 2055 874 2097 Albini
911 2058 961 2098 ad
998 2059 1113 2098 varia
1149 2057 1271 2097 strata
1304 2056 1520 2110 pingendi.

316 2147 492 2189 Summa
544 2149 648 2189 mihi
699 2150 902 2204 elegantia
949 2154 1115 2209 semper
1161 2157 1203 2194 in
1249 2153 1439 2195 dustibus
1474 2151 1583 2202 illis,

126 2224 230 2266 quos
268 2215 383 2252 nerui
423 2213 733 2267 progrediendo
761 2214 1019 2268 describunt,
1079 2219 1254 2261 residere
1288 2218 1374 2258 visa
1411 2214 1491 2265 est,
1543 2224 1585 2255 et

124 2276 226 2319 Atra
243 2276 369 2318 Acad.
387 2275 486 2332 Imp.
504 2276 574 2320 Sc.
591 2277 700 2320 Tom.
721 2277 770 2320 ΙΙ.
790 2281 835 2321 Ρ.
852 2277 904 2323 ΙΙ.
1137 2280 1176 2323 G
1209 2295 1237 2336 g
1486 2277 1588 2319 adeo
