1851 2474
48 1188 126 1241 Fig.
153 1204 185 1229 2.

672 179 786 232 «eote
851 178 867 235 )
905 187 993 224 180
1028 178 1046 236 (
1110 154 1226 232 eze<-

218 286 272 341 M
304 286 349 329 Ν
381 289 424 329 in
470 289 596 344 plano
631 290 670 331 Κ
698 291 734 332 L
769 290 997 347 descriptae
1035 294 1234 335 transeat:
1270 292 1423 335 limbus
1458 292 1678 347 graduatus

221 352 252 393 P
291 351 336 407 Q
369 353 405 394 R
441 353 560 408 super
594 353 674 394 hoc
709 356 836 409 plano
874 359 984 399 circa
1030 371 1154 413 uitem
1209 354 1388 410 cylindri
1435 357 1703 399 verticalem¹

219 418 422 457 versatilis
476 431 553 471 pro
598 418 729 460 lubitu
766 421 835 461 vel
872 422 921 462 ad
958 423 1237 463 meridianum
1291 424 1573 476 magneticum
1613 418 1699 460 vel'

219 482 269 520 ad
305 481 415 520 aliud
451 481 730 534 quodcunque
765 484 937 536 planum
973 487 1070 525 dato
1107 488 1263 540 angulo
1294 487 1344 526 ab
1373 499 1424 526 eo
1457 485 1680 532 declinans,

219 544 261 583 id
299 544 378 593 est,
430 545 478 584 acl
516 546 796 598 quodcunque
831 549 1069 588 azimutum
1105 551 1390 602 magneticum
1427 550 1569 590 reduci
1605 561 1683 602 po·

219 607 331 647 terit.
420 608 625 648 Ponamus
681 609 832 663 igitur,
883 611 994 652 hunc
1041 612 1219 663 limbum
1255 614 1297 652 in
1335 613 1457 667 plano
1491 611 1683 653 verticuli

220 672 439 720 constitui,
492 673 604 727 quod
640 687 661 714 a
696 674 821 727 plano
865 666 1085 716 meridiani
1134 678 1358 731 magnetici
1394 676 1578 717 declinet
1613 688 1683 715 an-

219 736 320 789 gulo
357 750 484 790 10³3
537 748 578 777 et
615 737 796 778 indicem
852 740 992 780 annuli
1046 742 1227 794 pofitum
1275 744 1351 781 effe
1399 741 1448 780 ad
1483 739 1682 792 angulum

219 799 495 850 AOI—-W
567 800 630 841 Sit
667 802 814 844 indicis
850 804 972 845 huius
1007 806 1169 859 pondus
1197 805 1341 853 :M‚
1378 805 1549 857 eiusque
1586 815 1683 843 cen-

221 872 334 905 trum
382 865 599 917 grauitatis
635 866 678 905 in
714 866 760 916 k,
814 869 930 910 cuius
982 879 1163 922 ponatur
1208 870 1257 910 ab
1304 881 1382 910 axe
1419 865 1461 921 O
1496 867 1688 908 distantia

221 925 433 969 Okzd.
502 928 565 970 Sit
601 943 729 983 porro
763 945 858 972 acus
895 942 936 973 et
968 935 1108 974 annuli
1144 935 1318 975 iunstim
1355 933 1519 987 pondus
1556 929 1688 980 ΞΑ,

220 1005 455 1046 eorumque
500 1006 744 1035 commune>
779 1005 970 1037 centrum
1007 999 1221 1051 grauitatis
1257 999 1300 1037 in
1339 995 1400 1046 G,
1453 996 1575 1037 huius
1610 1006 1688 1048 po·

220 1066 342 1097 natur
379 1056 426 1097 ab
463 1069 543 1097 axe
578 1055 619 1099 O
655 1060 842 1100 distantia
878 1057 1075 1114 Ong
1109 1071 1151 1102 et
1186 1062 1356 1116 angulus
1400 1056 1688 1113 AOG:v.

221 1121 345 1161 Hisce
383 1122 536 1161 notatis
571 1123 820 1174 imponatur
870 1124 973 1163 haec
1026 1137 1120 1164 acus
1173 1126 1430 1178 magnetica,
1484 1123 1533 1163 ab
1567 1121 1688 1165 omni

221 1186 498 1238 proximitate
533 1184 633 1223 ferri
669 1193 860 1233 remota,
897 1187 1028 1225 modo
1063 1196 1159 1227 ante
1193 1189 1446 1241 praescripto
1482 1185 1578 1242 (V)
1615 1197 1690 1236 cy-

221 1247 411 1288 lindrulis
448 1247 616 1296 vitreis,
654 1260 700 1289 ac
735 1258 916 1302 ponatur
947 1249 1196 1302 obliquitas,
1232 1253 1275 1291 iu
1311 1264 1392 1305 qua
1427 1262 1524 1291 acus
1560 1249 1600 1290 se
1637 1247 1689 1288 ad

222 1313 408 1366 quietem
461 1314 716 1366 componet,
773 1314 838 1353 seu
893 1313 1064 1367 angulus
1104 1313 1400 1365 POB:3‚
1452 1314 1523 1355 vbi
1576 1324 1688 1354 nunc

221 1377 487 1417 conditiones
525 1389 602 1429 pro
640 1377 740 1416 statu
794 1377 875 1418 hoc
921 1378 1153 1432 aequilibrii
1205 1393 1300 1420 acus
1337 1379 1581 1418 necessarias.
1614 1377 1687 1415 de-

220 1441 341 1481 finire
393 1450 577 1494 oportet.
662 1441 973 1495 Elegantissime
1025 1444 1197 1497 quidem
1242 1444 1351 1484 hanc
1397 1441 1684 1494 quaestionem

221 1505 307 1546 iam
362 1504 534 1545 resoluit
581 1502 670 1545 Cel.
705 1504 737 1545 Ι.
773 1506 821 1547 A.
857 1506 1031 1548 Eulerus
1065 1508 1107 1547 in
1144 1508 1427 1548 dissertatione
1477 1505 1687 1545 Actorum

158 1626 162 1632 .
221 1567 355 1609 Acad.
392 1568 533 1609 Berol.
564 1568 696 1610 Tom.
733 1568 797 1610 XI
830 1571 978 1612 inserta
1014 1569 1110 1627 (*);
1145 1585 1240 1611 cum
1279 1580 1422 1609 tamen
1459 1566 1547 1607 Vir
1580 1565 1689 1606 cele-

226 1632 436 1673 berrimus
472 1632 527 1672 ibi
563 1632 700 1686 legem
738 1636 946 1688 quandam
984 1636 1251 1689 magnetismi
1288 1630 1609 1686 hypotheticam
1647 1638 1690 1669 et

223 1696 313 1750 ipso
362 1698 755 1750 experimentorum
807 1714 881 1741 acu
935 1700 1201 1740 inclinatoria
1251 1698 1537 1738 institutorum
1589 1705 1688 1734 curn

225 1760 388 1802 theoria
422 1761 483 1801 isti
519 1761 601 1815 legi
637 1761 907 1814 superstructa
952 1763 1149 1804 consensu
1202 1763 1377 1801 demum
1430 1759 1688 1799 confirman-

222 1826 318 1865 dam
348 1825 599 1875 aflumserit,
636 1835 855 1879 totamque
883 1828 1171 1879 quaestionem
1201 1826 1250 1865 ad
1279 1824 1510 1865 dodirinam
1545 1821 1690 1876 sphae-

223 1888 352 1928 ricam
394 1890 625 1931 reduxerit:
669 1890 862 1930 nouerit
895 1890 1079 1930 alienum
1116 1890 1185 1930 hic
1225 1888 1464 1936 ostendere,
1506 1897 1690 1939 quomo-

222 1952 278 1991 do
314 1954 459 2003 eadem
493 1955 740 2006 quaestionis
770 1954 968 1994 resolutio
1005 1967 1059 1994 ex
1095 1954 1233 2008 postea
1269 1953 1446 2006 cognitis
1484 1951 1607 1992 certis
1644 1957 1688 1989 et

224 2015 465 2057 indubitatis
495 2018 763 2072 magnetismi
792 2017 948 2072 legibus
977 2018 1099 2074 plana
1127 2011 1333 2059 methodo
1361 2015 1608 2117 repetendaC
1625 2012 1686 2052 fit.

1615 2087 1687 2116 um

276 2232 339 2280 (²¹⁸)
366 2229 514 2267 TheorIe
540 2229 581 2265 de
607 2229 815 2267 l'inclinaison
842 2232 882 2268 de
916 2233 1067 2281 l'viguilla
1102 2241 1312 2287 magnetique
1345 2235 1519 2272 confitmee
1549 2246 1606 2284 par
1631 2234 1687 2268 des

417 2283 626 2329 expetiences
652 2294 708 2330 par
734 2281 789 2318 Mt
818 2280 866 2329 J.
892 2285 937 2320 A.
964 2287 1076 2323 Emer.
