1851 2474
718 189 834 240 »ἓέ
898 183 974 242 ),3
985 194 1039 231 28
1077 185 1093 244 (
1151 190 1270 240 etet<-

270 299 411 342 Celeb.
448 299 603 353 Reggio
640 298 802 346 differt,
857 309 901 340 et
945 299 1187 340 huiusmodi
1222 299 1388 352 quidem
1425 299 1724 353 discrepantiae

265 378 345 418 pro
396 365 561 418 singulis
615 364 971 405 obseruationibus
1025 374 1277 413 occurrunt,
1333 366 1388 404 ita
1421 376 1466 405 vt
1503 365 1724 417 concipere

263 442 349 469 non
386 429 571 477 valeam,
607 430 825 479 quomodo
861 428 1048 484 laudatus
1086 427 1153 467 hic
1173 427 1450 468 Astronomus
1487 429 1526 467 in
1565 429 1627 469 his
1654 428 1724 468 Pa-

262 493 488 533 rallaxibus
552 492 844 545 computandis
881 493 927 532 fit
961 492 1158 532 versatus.
1243 491 1337 531 Hoc
1373 500 1508 531 tamen
1554 493 1726 534 dissensu

263 569 346 598 non
385 556 600 605 obstante,
636 555 922 595 conclusiones
960 567 1012 595 ex
1049 554 1216 596 calculis
1253 553 1306 594 D.
1343 554 1493 607 Reggio
1527 557 1722 596 deductae

262 621 439 664 omnino
485 621 564 659 rite
610 619 681 658 sibi
716 620 902 659 constare
956 628 1180 672 poterunt,
1235 620 1346 671 quod
1384 631 1462 671 pro
1514 618 1723 659 Methodo

264 685 313 724 ab
350 683 438 736 ipso
475 683 658 723 adhibita
694 693 858 723 tantum
914 683 1181 732 desideretur,
1219 692 1264 722 vt
1300 682 1538 722 differentia
1572 681 1613 720 in
1647 682 1726 723 Pa-

267 747 493 788 rallaxibus
535 747 785 787 Latitudinis
823 747 967 787 exaste
1002 747 1048 786 fit
1084 746 1288 799 assignata.
1355 744 1446 785 Nec
1481 744 1723 798 hypothesis

264 811 351 858 ina,
380 811 430 850 de
465 811 746 850 diminutione
785 811 1190 851 semidiametrorum
1212 809 1320 850 Solis
1356 820 1398 849 et
1420 810 1584 858 Lunae,
1621 809 1728 849 mul-

262 884 353 916 tum
390 875 430 914 in
468 874 548 914 hoc
587 875 761 925 negotio
813 875 973 922 turbat,
1026 885 1236 926 vtcunque
1285 873 1470 928 gratuito
1516 883 1556 912 et
1597 872 1728 925 pluri-

260 938 334 978 bus
372 937 730 978 obseruationibus
783 938 1083 990 refragantibus
1120 938 1188 978 illa
1224 938 1272 978 sit
1311 937 1527 990 supposita.
1611 935 1724 979 Nam

260 1002 331 1041 etsi
369 1015 445 1054 pro
482 1003 570 1043 casu
609 1000 812 1054 praesenti
866 1013 949 1041 tam
1008 1002 1173 1054 insignis
1209 1002 1328 1042 vaior
1382 1001 1503 1054 ipsius
1559 997 1585 1039 δ
1633 1000 1723 1053 ple-

260 1078 410 1118 rasque
447 1065 754 1104 obseruationes
793 1065 840 1104 ad
878 1065 1121 1105 consensum
1176 1066 1414 1112 reduceret,
1468 1074 1610 1104 tamen
1649 1064 1725 1104 ob-

260 1130 358 1174 stat,
397 1129 507 1180 quod
546 1130 675 1168 tribus
712 1129 1092 1175 obseruationibus,
1146 1128 1372 1176 Massiliae,
1411 1125 1646 1168 Cremifani
1681 1138 1723 1168 et

257 1193 300 1232 in
338 1190 608 1244 Hospitalitio
645 1191 704 1229 St.
744 1189 898 1230 Christi
936 1191 1154 1234 institutis,
1191 1204 1354 1231 errores
1389 1191 1442 1230 slc
1477 1192 1724 1230 induceren-

259 1265 327 1295 tur
363 1255 480 1294 omni
517 1254 813 1306 probabilitate
848 1254 1043 1293 destituti.
1111 1252 1332 1294 Praeterea
1365 1266 1420 1294 ex
1455 1253 1544 1294 aliis
1582 1254 1724 1295 obser-

257 1319 493 1359 vationibus
529 1319 726 1370 colligere
764 1317 877 1366 licet,
915 1317 1217 1358 coi-restionem
1251 1318 1505 1358 Latitudinis
1540 1331 1620 1371 pro
1656 1331 1722 1359 ca-

215 1373 218 1375 *
255 1383 297 1423 su
335 1382 540 1436 praesenti
576 1382 680 1422 haud
721 1382 899 1421 multum
943 1382 1023 1420 10¹¹
1061 1382 1268 1422 minorem
1315 1383 1392 1422 effe
1428 1383 1564 1434 posse,
1615 1382 1720 1422 haec

257 1458 398 1490 autem
437 1447 644 1486 correctio
681 1458 775 1486 cum
813 1446 954 1485 valore
989 1445 1110 1499 ipsius
1145 1441 1168 1485 δ
1192 1460 1245 1485 z
1268 1469 1309 1474 —
1335 1443 1415 1483 ΜΗ
1452 1458 1718 1497 nequaquam

255 1510 474 1550 consistere
522 1511 678 1562 potest,
735 1522 862 1561 quum
899 1510 994 1549 inde
1027 1511 1068 1548 in
1106 1510 1443 1550 obseruationem
1480 1508 1718 1561 Petropoli-

255 1584 396 1614 tanam
449 1575 709 1614 det-inuretur
746 1585 865 1612 error
902 1574 1004 1623 41¹‘‚
1042 1584 1082 1613 et
1118 1574 1160 1613 in
1197 1572 1532 1612 obseruaiionem
1569 1570 1718 1612 Stock-

257 1637 530 1679 holmiensem
568 1651 687 1676 error
727 1638 833 1685 32¹¹,
871 1637 933 1678 his
970 1647 1185 1690 praeterea
1220 1636 1430 1676 erroribus
1466 1634 1584 1674 omni
1621 1647 1719 1687 pro·

257 1701 471 1742 habilitate
508 1702 722 1741 destitutis.
795 1699 1022 1742 Caeterum
1061 1701 1088 1740 fi
1126 1703 1191 1740 cui
1228 1700 1433 1753 placuerit
1471 1699 1716 1739 examinare

255 1776 527 1817 argumenta,
580 1766 727 1817 quibus
766 1763 910 1805 Celeb.
946 1765 1013 1805 Du
1048 1764 1198 1817 Sejoztr
1232 1764 1560 1803 diminutionem
1596 1763 1719 1802 semi-

256 1832 560 1869 diametrorum
600 1829 652 1867 ob
692 1830 967 1868 inflexionem
1005 1830 1246 1875 radiorum,
1284 1827 1478 1867 stabiliuit
1516 1826 1625 1875 6¹¹5,
1660 1827 1719 1868 fil-

255 1895 332 1933 cile
372 1893 612 1946 perspiciet,
663 1894 734 1932 ista
771 1894 845 1931 rite
883 1892 953 1930 sibi
995 1904 1076 1930 uon
1115 1892 1322 1939 constare,
1359 1891 1429 1930 nisi
1468 1892 1517 1930 de
1552 1891 1716 1930 Latitu-

253 1958 349 1996 dine
389 1959 529 1997 Lunae
567 1969 690 2007 atque
727 1956 927 1995 Parallaxi
967 1957 1053 1995 cius
1090 1956 1336 1995 omnimoda
1383 1955 1558 1995 adfuerit
1593 1955 1714 1994 certi-

255 2021 380 2066 tud‹›‚
432 2022 469 2059 id
508 2022 576 2069 est,
616 2021 639 2060 si
679 2021 778 2060 hacc
830 2020 1048 2059 hlemcnta
1086 2020 1209 2072 paulo
1261 2019 1384 2059 aliter
1437 2021 1714 2065 assumantur,

257 2084 371 2122 istam
410 2084 735 2124 diminutionem
774 2083 912 2123 locum
951 2084 1125 2136 amplius
1164 2096 1246 2122 non
1285 2083 1452 2124 habere.
1514 2082 1605 2122 Nec
1642 2081 1715 2121 nifi

256 2148 297 2186 in
335 2147 487 2186 casibus
525 2149 654 2187 rarius
690 2147 1036 2193 obuenientibus‚
1073 2161 1202 2187 vnum
1241 2147 1308 2186 vel
1346 2148 1522 2187 alterum
1561 2145 1713 2185 horum

259 2211 583 2251 Elementorum
622 2211 1176 2265 independenterarcliquis
1214 2210 1378 2251 definiri
1413 2210 1559 2265 potest.
1626 2208 1715 2248 Hu-

1532 2271 1711 2313 iusmodi
