1851 2474
626 160 741 211 »ἓξὲξ
782 157 822 217 1)
855 170 915 210 99
952 155 970 214 («
1033 159 1147 210 ἓέᾠ·

156 273 321 317 Verum
356 270 452 325 quia
485 269 528 312 hi
565 273 819 314 numeriex
858 274 950 314 cam
985 272 1298 328 fimpiiciffimo,
1333 284 1411 326 pro
1445 283 1481 311 m
1514 281 1555 312 et
1589 287 1613 314 n

155 341 308 386 sumto,
339 336 430 376 sunt
461 337 559 386 orti,
595 337 712 378 facile
748 337 1009 391 intelligitur,
1045 349 1103 378 ex
1139 336 1366 378 maioribus
1387 335 1613 385 valoribus‚

153 415 230 458 pro
264 413 299 440 m
335 411 378 439 et
411 413 437 440 n
482 402 599 451 ortis,
635 414 714 455 pro
748 401 886 443 literis
913 410 976 458 p,
1013 415 1064 452 r,
1100 414 1152 455 q,
1191 415 1212 442 s
1263 412 1367 443 mox
1400 399 1612 441 maximos

153 476 348 507 numeros
384 464 463 505 effe
495 466 752 520 prodituross

339 594 374 642 ς.
414 602 484 641 23.
552 587 664 632 Cum
712 593 840 652 igitur
889 604 969 646 pro
1013 593 1154 634 nostro
1187 591 1457 635 Problemate
1491 591 1615 634 Solu-

151 658 289 699 tiones
334 655 591 710 potiffimum
618 656 890 710 simpliciores
926 657 1205 706 intendamus,
1240 658 1338 698 istae
1373 657 1609 708 formulae,

152 722 201 761 ad
237 732 343 774 quas·
376 719 513 759 sumus
551 720 754 772 perducti,
788 721 838 767 ad
875 720 987 761 hunc
1025 720 1197 772 scopum
1235 722 1482 774 neutiquam
1519 721 1611 762 sunt

152 783 530 834 accommodatae3
581 783 693 823 vnde
739 783 863 836 longe
898 783 1025 829 aliam
1062 784 1173 822 v-iam
1211 783 1315 823 inire
1350 785 1610 835 conueniet,

151 861 256 903 quae
290 848 347 888 ita
382 847 431 887 fit
463 855 717 899 comparata,
751 847 813 886 vti
851 858 935 886 non
971 846 1023 886 ad
1060 858 1258 887 numeros
1288 848 1413 888 nimis
1435 860 1610 901 magnos

149 925 229 968 pro
263 911 392 951 literis
420 917 465 964 p,
502 923 537 958 r,
572 922 610 962 q,
644 921 681 958 s,
715 909 945 962 perducat,
998 919 1041 948 et
1075 922 1178 962 quae
1213 910 1334 951 fimul
1368 911 1611 965 fimpliciffi-

149 989 238 1018 mas
274 973 497 1014 solutiones
533 971 754 1017 certiffi-me
792 972 1005 1022 exhibeat,
1043 973 1085 1013 id
1119 973 1232 1026 quod
1264 974 1450 1028 sequenti
1480 976 1610 1016 modo

148 1036 482 1080 commodiffime
526 1036 812 1089 praestabitur.
883 1034 998 1078 Cum
1034 1036 1103 1077 ab
1140 1036 1408 1093 (aa4bb)
1445 1039 1492 1079 fit
1526 1038 1613 1079 for-

145 1115 215 1143 ma
249 1101 464 1152 Vtriusque
500 1100 738 1148 formulae,
773 1112 853 1152 qua
889 1101 1153 1153 indigemus,
1206 1116 1285 1155 pro
1321 1116 1347 1143 a
1384 1113 1427 1143 et
1463 1102 1487 1142 b
1525 1103 1611 1143 suc-

145 1165 293 1206 cesfiue
327 1164 582 1217 accipiamus
619 1174 830 1203 numeros.
854 1162 1141 1216 simpliciores.
1178 1175 1219 1204 et
1253 1166 1505 1218 producstum
1543 1178 1608 1206 re-

144 1240 346 1271 uocemus
382 1228 430 1268 ad
465 1227 572 1268 hanc
590 1225 792 1267 formam:
826 1225 885 1266 A²
906 1225 950 1275 F,
987 1226 1056 1266 vbi
1091 1226 1148 1266 A*
1184 1228 1486 1282 complectatur
1512 1241 1609 1270 om·

143 1305 218 1332 nes
252 1292 426 1332 faetores
460 1291 684 1342 quadratos
705 1320 715 1337 ‚
770 1288 802 1329 F
836 1302 939 1330 vero
976 1289 1025 1330 fit
1058 1291 1312 1343 produaum
1348 1305 1404 1333 ex
1438 1291 1607 1333 factori-

140 1355 214 1396 bus
260 1367 346 1394 non
386 1354 616 1407 quadratis.
683 1353 768 1395 Pro
810 1355 952 1394 nostro
995 1354 1122 1407 igitur
1165 1355 1353 1395 instituto
1395 1357 1604 1398 eiusmodi

140 1419 245 1460 duae
281 1417 475 1472 pluresue
509 1418 716 1462 formulae
751 1419 1050 1471 requiruntur,
1101 1431 1207 1472 quae
1243 1432 1320 1473 pro
1357 1418 1389 1460 F
1423 1422 1604 1462 eundem

140 1482 333 1522 valorem
370 1483 624 1535 praebeant,
660 1482 1002 1536 quandoquidem
1040 1482 1141 1529 tales
1189 1496 1268 1538 pro
1313 1484 1420 1525 binis
1456 1483 1603 1525 nostris

143 1544 340 1586 formulis
381 1544 726 1601 pr(pp÷rr)
764 1556 807 1587 et
841 1543 1176 1600 qs(qq÷ss)
1218 1547 1411 1602 accipere
1446 1547 1603 1590 licebit.

143 1608 270 1650 Hunc
305 1609 348 1648 in
384 1607 511 1650 finem
546 1609 787 1668 sequentem
825 1610 1006 1652 tabulam
1043 1611 1335 1665 adiungimus,
1381 1625 1487 1666 quae
1522 1623 1603 1667 pro

144 1672 311 1725 singulis
356 1672 573 1714 valoribusr
612 1673 825 1715 literarum
862 1688 888 1716 α
923 1685 965 1716 et
1000 1673 1025 1714 b
1072 1688 1272 1718 numeros
1306 1677 1433 1718 litera
1469 1676 1501 1717 F
1535 1677 1602 1717 in-

142 1737 303 1776 dicatos
353 1736 579 1786 exhibeat,
632 1749 674 1779 et
707 1739 908 1792 quoniam
945 1739 1180 1780 consultum
1219 1741 1275 1781 est
1312 1742 1354 1781 in
1390 1740 1599 1781 valoribus

141 1799 456 1852 fimplicioribus
501 1801 734 1852 subsistere,
788 1803 885 1844 hinc
926 1804 1179 1845 omittamus
1214 1817 1364 1848 omnes
1397 1814 1599 1846 numeros

138 1863 301 1919 primos
335 1864 512 1907 maiores
547 1878 674 1920 quam
716 1879 785 1917 13.
