1851 2474
584 165 700 207 *⁷335
766 159 964 212 sz9(
1025 162 1141 207 &yves

312 269 474 312 Deinde
510 280 612 309 vero
650 268 844 319 alterum,
881 271 1006 325 idque
1045 269 1331 324 praecipuum,
1368 268 1423 310 est
1459 284 1588 323 genus

124 335 468 382 differentiarum,
505 346 589 385 quo
624 345 778 386 partes,
814 348 929 387 quaev
954 336 1123 383 viscera,
1161 346 1230 375 aut
1265 335 1361 374 alias
1395 337 1584 387 corporis

123 401 248 440 nostri
285 398 464 438 maiores
501 407 636 449 partes
673 398 876 445 efficiunt,
913 398 982 439 vel
1021 412 1152 440 nouae
1190 409 1231 439 et
1266 398 1492 451 peculiares
1512 411 1585 438 oc-

122 472 306 509 currunt,
342 463 410 501 vel
445 460 586 500 solitae
622 472 765 502 contra
801 463 1016 511 deficiunt,
1052 463 1118 502 vel
1157 463 1259 502 aliae
1281 475 1356 515 pro
1386 463 1472 502 aliis
1494 463 1581 502 snb-

121 527 372 574 stituuntur‚
424 524 495 564 vel
547 525 604 564 ita
649 529 816 566 tannem
865 523 1005 567 solitae
1043 527 1273 568 alterantur
1308 536 1349 565 et
1386 526 1584 566 transfor-

121 600 304 637 mantur,
342 598 388 629 vt
423 601 500 642 pro
535 589 677 630 iisdem
713 590 841 631 solitis
878 592 1070 643 cognosci
1110 604 1192 630 non
1220 589 1382 643 poffint,
1420 590 1484 630 sed
1507 602 1584 642 pro

122 655 242 695 nouis
277 662 320 693 et
354 652 627 706 peculiaribus
664 645 905 695 habeantur.
949 655 1162 707 Exempla
1197 655 1348 693 horum
1387 657 1581 693 omnium

121 721 162 758 in
201 718 319 770 plicis
356 716 559 756 veficulae
603 717 747 758 felleae
770 749 779 764 ‚
832 719 871 757 in
922 720 1095 769 vaginae
1132 718 1242 757 vteri
1280 717 1397 768 plicis
1434 730 1584 756 carun-

121 782 305 834 cnlisque
345 780 688 831 myrtiforrnibus,
726 781 765 820 in
803 782 1010 821 columnis
1049 795 1108 821 ca·
1110 782 1208 820 ncis
1245 780 1395 828 cor-fids,
1433 781 1472 819 in
1511 794 1583 833 pa·

123 846 232 899 pillis
267 844 414 897 quibus
450 844 642 885 valvulae
680 855 901 893 tenentur,
952 847 992 884 in
1030 845 1195 884 valvnla
1231 856 1366 883 venae
1403 857 1579 884 corona·-

124 912 207 950 riae
243 922 431 960 magnae
466 910 506 947 in
545 910 625 960 ipla
659 909 795 963 Eusta
794 907 857 949 hii
894 923 932 948 v
924 909 988 948 lx
993 909 1089 957 ula,
1130 907 1363 960 praenobili
1385 908 1578 949 nobilissi-

124 974 183 1014 mi
233 973 395 1013 xifceris
436 973 667 1024 particula,
717 974 925 1026 imprimis
962 975 1003 1013 in
1041 974 1235 1020 artemis,
1297 985 1425 1012 venas
1461 973 1577 1013 enim

123 1037 304 1081 omitto,
357 1047 399 1076 et
443 1036 482 1075 in
532 1037 666 1076 neruis
711 1037 877 1089 copiosa
916 1049 1159 1078 occurrunt.
1233 1037 1322 1077 Hae
1360 1038 1445 1076 εἰπε
1486 1037 1576 1076 sunt

119 1101 269 1141 indolis
303 1099 573 1148 differentme‚
610 1111 654 1139 vt
691 1102 831 1152 primo
866 1102 1020 1140 intuitu
1058 1114 1284 1154 appareant
1314 1113 1397 1140 non
1429 1101 1572 1149 modo,

119 1165 182 1206 sed
220 1165 408 1216 protinus
444 1171 613 1216 quoque
648 1164 692 1203 in
729 1176 915 1217 quonam
954 1164 1204 1209 consistant,
1261 1165 1572 1217 perspiciantur.

117 1226 266 1281 thue
316 1238 491 1268 externa
539 1227 728 1280 corporis
775 1227 948 1267 humani
993 1227 1123 1280 figura
1167 1228 1399 1267 innumeris
1437 1228 1572 1268 modis

117 1291 345 1344 simplicior
380 1292 466 1341 est,
519 1304 643 1344 quam
680 1289 832 1331 fabrica
869 1291 1194 1332 artificiofiffima
1230 1292 1420 1342 interna3
1466 1304 1573 1332 nun-

115 1367 240 1405 quam
278 1368 447 1407 quoque
483 1355 645 1402 accidit,
680 1366 727 1394 vt
764 1355 829 1395 vel
867 1357 909 1395 in
949 1356 1082 1406 vultu,
1118 1353 1189 1396 vel
1224 1356 1457 1395 incaeteris
1480 1369 1573 1408 par-

115 1417 222 1457 tibus
258 1419 459 1465 externis,
496 1418 522 1458 fi
561 1418 721 1470 aliquos
757 1418 868 1459 casus
904 1420 1123 1460 rariffirnos
1159 1429 1203 1461 et
1239 1421 1419 1459 monstra
1456 1421 1568 1460 exci-

113 1483 212 1534 pias,
248 1481 487 1522 huiusmodi
524 1481 777 1523 differentiae
815 1494 1048 1536 appareant.
1117 1483 1346 1536 Nunquam
1384 1484 1426 1522 in
1450 1484 1566 1523 vultu

115 1557 165 1584 ne
203 1545 376 1584 minima
413 1546 612 1597 quidem,
667 1559 771 1597 qnae
805 1548 854 1588 ad
891 1547 1052 1588 vultum
1090 1549 1328 1601 pertineat,
1366 1548 1566 1600 particula

112 1606 305 1653 dcficere4
341 1621 552 1660 nunqnam
590 1610 754 1650 insolita
790 1611 830 1649 in
868 1611 985 1653 vultu
1022 1612 1089 1652 vel
1125 1612 1328 1665 superflua
1349 1612 1564 1651 obseruata

114 1673 183 1712 est.
252 1672 477 1724 Nunquam
516 1671 610 1713 cilia
644 1674 863 1716 defuerunt
898 1685 966 1715 aut
1003 1676 1232 1729 supercilia,
1261 1688 1475 1728 nunqnam
1498 1689 1564 1717 ca-

112 1735 285 1776 runcula
318 1735 563 1787 lacrymalis.
631 1737 731 1778 Vidi
769 1739 1034 1779 carunculam
1073 1753 1163 1780 eam
1202 1740 1333 1780 abesse
1358 1741 1395 1778 in
1424 1741 1564 1791 aliquo

114 1799 314 1849 monstrt),
350 1809 389 1840 et
422 1800 504 1852 ipse
541 1800 608 1841 hic
644 1802 786 1843 oculus
824 1804 1073 1843 mon-stroms
1110 1819 1157 1844 ca
1194 1815 1282 1844 erat
1317 1814 1477 1843 natura,
1517 1813 1562 1841 vt

111 1865 322 1918 priuatum
361 1864 582 1904 caruncula
616 1866 692 1906 effe
726 1878 955 1921 oporteret,
993 1879 1135 1919 vtqne,
1174 1869 1199 1907 fi
1221 1866 1438 1907 exstitisset
1459 1867 1561 1906 haec

111 1927 315 1981 particula
340 1957 350 1975 ‚
398 1926 477 1968 hoc
520 1928 651 1980 ipsum
697 1936 827 1986 magis
878 1931 1153 1972 monstrosum
1193 1934 1233 1971 in
1271 1943 1323 1972 eo
1360 1931 1484 1969 oculo
1520 1939 1561 1971 et

109 2001 255 2033 contra
291 2001 478 2032 naturam
497 1990 658 2045 'fuiffeu

300 2125 401 2168 Non
454 2126 600 2169 melius
649 2136 820 2180 antem,
869 2141 1001 2186 neque
1039 2135 1214 2178 omnino
1252 2133 1329 2176 alia
1369 2131 1558 2180 ratione7

108 2189 263 2231 veritas
299 2204 478 2240 eorum,
525 2205 630 2245 quae
665 2194 838 2244 asserui,
875 2197 994 2249 plane
1029 2209 1227 2254 apparet,
1265 2211 1389 2253 qnam
1429 2196 1455 2235 fi
1493 2194 1557 2234 vel

815 2261 893 2301 Ee
933 2273 955 2298 2
1471 2273 1560 2311 pas·-
