1851 2474
705 140 820 214 0420·ss
862 137 905 216 ’)
945 138 1089 216 17⁸2(
1149 144 1263 210 ‘aaa

266 274 356 330 Vr„
381 267 598 321 TmBuatur
647 282 757 315 nunc
808 285 903 316 acus
953 271 1090 313 valida
1121 270 1165 311 vi
1201 268 1460 324 magnetica,
1511 268 1621 322 quod
1657 269 1716 312 ita

317 332 332 337 .,
445 339 538 382 fieri
573 339 640 380 hic
676 338 888 392 suppono,
923 345 970 379 vt
1006 349 1101 377 acus
1136 335 1375 377 extremitas
1410 334 1469 384 B,
1503 334 1715 375 divifionis

448 403 591 446 annuli
626 403 772 457 gradui
816 401 1099 455 nonagefimo*
1140 398 1414 452 respondens,
1465 399 1582 452 polus
1620 410 1719 438 eua-

445 467 515 506 dat
549 465 737 517 borealis3
785 465 916 505 altera
949 459 1002 522 M
1037 462 1328 512 merirlionczlis3
1379 471 1504 516 atque
1537 462 1613 502 hac
1650 460 1715 501 vl-

445 530 550 570 tima
583 528 835 582 operatione
876 530 978 581 totat‘
1009 539 1105 567 acus
1140 526 1427 567 incli'natoriae
1462 525 1714 567 constructio

441 593 522 634 erit
557 584 753 633 absoluta.
791 585 878 648 (h)

914 669 918 674 ·
1595 655 1632 702 ξ.
1671 665 1711 702 3·

447 785 470 818 fi
498 795 647 819 centrum
687 796 859 820 commune
898 785 1067 831 grauitatis
1105 796 1178 818 acus
1204 794 1239 818 et
1263 781 1369 818 annuli
1395 782 1435 817 ad
1460 794 1609 818 centrum
1647 786 1715 819 axis

445 834 536 868 foret
561 835 747 870 reduemm:
773 834 903 882 angulus
928 835 1089 881 positionis
1116 833 1229 868 indicis
1255 833 1380 882 semper
1405 833 1611 881 respondenti
1643 845 1715 866 acus

452 883 644 932 obliquitati
669 884 756 920 foret
779 884 919 933 aequalis
944 882 1029 931 (vid.
1058 895 1133 918 nota
1159 883 1208 901 ‘'⁸''
1235 885 1261 924 ἑ.
1292 896 1353 929 3);
1387 883 1472 919 vnde
1491 884 1560 918 hoc
1586 886 1617 917 in
1643 882 1716 916 casu

451 935 642 970 construffio
667 935 794 970 tabulae
821 937 1017 982 aequationis
1044 931 1129 968 foret
1155 934 1333 980 superfiua3
1361 944 1458 982 atque
1485 933 1546 968 hoc
1574 932 1641 979 ipso
1667 934 1717 965 in·-

447 982 536 1017 dicio
574 984 689 1032 gradus
727 986 927 1032 praecisionis
953 987 985 1017 in
1012 995 1091 1024 acu,
1130 984 1263 1018 iunetim
1295 995 1370 1017 cum
1406 983 1542 1027 annulo,
1571 981 1719 1030 *aequili-

445 1031 565 1067 branda
591 1033 745 1069 obtentus
772 1033 939 1068 diiudicari
964 1033 1079 1080 potest.

291 1102 368 1156 (ll)
393 1105 626 1144 Con-[munitet
653 1109 830 1143 talesracus
856 1113 889 1142 vi
917 1109 1100 1151 magnetica
1136 1107 1345 1148 imbuuntur,
1384 1108 1566 1151 stringendo
1593 1118 1644 1140 eas
1670 1105 1716 1139 al-

449 1168 573 1192 terutro
611 1158 770 1201 magnetis
796 1156 871 1201 polo
896 1167 953 1200 per
987 1161 1093 1188 totam
1132 1155 1374 1202 longitudinem
1434 1156 1490 1190 vbi
1516 1156 1651 1205 quidem
1676 1168 1715 1189 ea

440 1219 514 1240 acus
542 1209 757 1243 extremitas,
784 1206 816 1237 in
841 1215 903 1253 qua
930 1204 1065 1237 affriCtus
1093 1205 1225 1251 incipit.
1263 1204 1339 1252 polo
1367 1210 1523 1251 magnetis
1549 1207 1716 1252 stringenti

438 1257 654 1302 homologum
670 1281 678 1294 ,
723 1253 822 1288 altera
869 1265 947 1289 vero
992 1257 1188 1288 contrarium
1228 1256 1479 1301 magnetiimum
1518 1255 1712 1303 adipiscitur.

446 1305 538 1341 Cum
564 1318 642 1341 vero
671 1303 750 1338 haec
778 1303 951 1339 methodus
977 1315 1040 1337 non
1067 1301 1170 1338 solum
1196 1315 1258 1337 non
1285 1304 1463 1339 admodum
1491 1307 1622 1347 efficax,
1658 1303 1715 1339 sed

448 1359 566 1396 etiam„
591 1353 779 1403 praesertim
806 1357 838 1388 in
865 1352 1005 1400 chalybe
1032 1351 1196 1390 indurato,
1229 1352 1359 1401 qualem
1388 1355 1439 1389 hic
1465 1353 1612 1389 adhiberi
1638 1366 1715 1387 con-

440 1409 551 1442 venit,
588 1405 628 1439 ad
652 1403 875 1451 producendos
900 1407 934 1438 in
958 1415 1017 1437 acu
1041 1402 1145 1448 plures
1170 1401 1259 1451 polos
1286 1407 1484 1450 magneticos
1526 1403 1710 1439 successuros

418 1452 536 1503 ‘valde
569 1466 669 1502 prona
696 1456 749 1488 fit:
788 1466 864 1489 eam
893 1458 927 1488 in
951 1452 1069 1487 acubus
1107 1452 1311 1488 inclinatoriis
1348 1450 1525 1487 animandis
1565 1452 1713 1487 adhiberi

440 1509 576 1542 minime
604 1507 771 1545 conuenit.⁴
834 1503 892 1538 Ad
915 1502 1090 1552 perfectam
1124 1516 1195 1540 acus
1222 1504 1443 1538 inclinatoriae
1469 1503 1714 1547 magnetisatio-

414 1553 522 1593 ”nem
560 1556 734 1604 requiritur
777 1554 812 1596 1)
845 1564 882 1589 vt
915 1557 949 1588 vi
980 1556 1162 1600 magnetica
1200 1554 1238 1585 fit
1276 1553 1417 1588 saturata
1453 1550 1492 1596 2)
1518 1561 1559 1583 vt
1583 1563 1717 1593 omnes,

450 1620 526 1657 quas
553 1607 721 1652 concepit,
755 1600 846 1639 'vires
872 1607 1073 1652 magneticae
1100 1602 1140 1636 ad
1166 1613 1259 1635 acum
1284 1604 1317 1636 in
1344 1601 1492 1636 debitum
1519 1602 1613 1635 situm
1639 1613 1715 1635 con-

451 1652 647 1693 vertendam
671 1654 853 1701 conspirent
878 1665 984 1703 neque
1012 1653 1092 1687 aliae
1117 1653 1189 1686 alias
1215 1655 1248 1686 in
1274 1652 1336 1686 hoc
1364 1652 1477 1685 effeetu
1515 1650 1717 1698 impediant3

453 1709 625 1756 requiritur
652 1717 746 1751 ergo,
773 1714 813 1738 vt
833 1718 894 1738 vna
915 1717 986 1752 pars
1006 1703 1140 1737 dimidia
1158 1714 1230 1736 aeut»
1250 1714 1313 1736 non
1335 1705 1391 1737 nisi
1408 1699 1585 1739 borealem,
1617 1701 1716 1735 altera

452 1770 531 1794 vero
544 1758 617 1800 [non
638 1756 693 1788 nifi
711 1753 878 1787 australem
896 1756 1145 1800 magnetismum
1162 1752 1339 1798 poffideat.
1367 1751 1400 1785 id
1415 1753 1477 1791 est,
1499 1760 1538 1783 vt
1557 1762 1629 1784 acus
1650 1763 1716 1785 non

453 1811 510 1844 nist
533 1806 658 1842 vnictrm
678 1813 827 1837 centrum
841 1807 1079 1850 magneticum,
1097 1804 1196 1850 idque
1210 1801 1349 1851 praecise
1368 1804 1398 1835 in
1416 1811 1477 1834 axe
1494 1801 1550 1834 suo
1566 1803 1719 1847 positum,

452 1859 582 1894 habeat.
617 1852 706 1889 Huic
730 1855 824 1900 scopo
841 1856 970 1900 egregie
993 1851 1147 1887 satisfacit
1173 1852 1348 1886 methodus
1376 1850 1638 1898 magnetificaudi
1661 1850 1722 1884 du-

451 1910 541 1957 plicis
564 1905 727 1941 contactus
750 1903 803 1937 seu
825 1903 1056 1945 Cantoniana,
1082 1914 1164 1950 quae
1187 1915 1226 1942 eo
1253 1902 1448 1940 absoluitur‚
1472 1912 1511 1934 vt
1537 1904 1605 1934 acui
1627 1912 1723 1950 prae-

451 1960 515 1994 cise
540 1960 573 1991 in
601 1954 713 1990 medio
737 1956 803 1987 eius
829 1955 1035 1999 imponantur
1069 1952 1137 1998 poli
1173 1955 1319 1986 contrarii
1353 1952 1491 1986 duorum
1530 1961 1721 1998 magnetum

451 2005 670 2043 artificialium
707 2003 929 2041 verticalium,
968 2005 1097 2036 circiter
1122 2015 1184 2036 vna
1223 2002 1305 2037 linea
1338 2002 1527 2048 interposito
1551 2000 1627 2048 ligni
1652 2000 1721 2034 fru-

451 2058 529 2092 stulo
555 2069 572 2090 a
597 2058 629 2091 se
654 2057 793 2091 remoti,
821 2053 920 2101 hique
948 2062 1019 2086 tum
1046 2053 1176 2086 alternis
1204 2054 1348 2092 vicibus,
1377 2053 1491 2087 eadem
1518 2051 1639 2085 seruata
1667 2050 1719 2084 di-

445 2108 575 2142 stantia,
610 2104 773 2139 mediocri¹
789 2102 844 2137 sed
870 2101 1019 2138 vnifbrmi
1045 2104 1220 2151 pressione,
1246 2105 1338 2151 super
1364 2116 1421 2137 acu
1445 2101 1591 2149 prorsum
1615 2110 1716 2148 atque

443 2155 619 2192 retrorsum
647 2153 832 2196 trahantur,
857 2156 902 2187 ita
930 2159 1057 2192 tamen,
1084 2165 1122 2189 vt
1143 2151 1264 2188 neuter
1289 2153 1437 2200 polorum
1463 2162 1605 2197 vnquam
1630 2152 1716 2185 vltra

450 2219 522 2243 acus
561 2206 810 2241 extremitatem
848 2213 1091 2252 promoueatur.
1153 2202 1358 2251 Operatione
1390 2202 1448 2237 hac
1481 2201 1650 2250 aliquoties
1677 2210 1714 2234 et

1621 2250 1715 2298 super
