1851 2474
515 90 518 94 ⁴
567 123 679 172 »tc-³³³
741 118 759 176 )
798 121 937 179 197(
1003 124 1117 174 &zea-

110 237 292 279 eiusdem
329 232 474 286 lapidis
511 232 592 273 alio
630 244 822 289 tempore
859 237 1123 279 obseruatum
1159 251 1271 293 :q,
1305 249 1348 282 et
1381 238 1564 282 humidi-

110 312 170 343 tas
204 312 280 355 pro
315 297 391 338 hac
427 297 716 340 obseruatione
751 300 848 342 :h

427 375 504 415 erit
536 373 780 438 Ιφῑθίᾖ-Ἷ,
816 390 856 419 et

292 458 858 516 chzQ—'n-:q—‘rtz
895 461 977 502 hoc
1014 463 1085 511 est,

108 541 376 585 humiditates
415 541 506 580 sunt
539 542 600 581 vti
636 542 822 581 excessus
856 541 1091 594 ponderum
1128 540 1274 597 lapidis
1313 543 1432 599 supra
1460 555 1570 598 pon·

107 609 181 648 dus
218 606 404 647 eiusdem
440 618 494 645 ex
530 606 622 658 igne
657 606 882 660 depromti.

297 733 462 774 Praeter
498 734 700 775 indicatos
736 733 939 774 terminos
976 731 1160 784 affignari
1196 733 1363 784 possunt
1393 745 1447 772 ex
1474 732 1567 785 ipsls

107 798 464 840 obseruationibus
507 798 591 837 duo
635 797 734 845 alii,
786 796 976 837 ficcitatis
1014 807 1168 848 nempe
1205 796 1379 836 aestiuae
1416 807 1457 837 et
1491 795 1570 836 hu-

108 864 309 904 miditatis
347 861 598 902 autumnalis
622 892 631 910 ,
681 860 748 901 vel
782 859 1022 911 hybernae,
1067 859 1247 912 indeque
1284 860 1422 900 media
1459 860 1563 900 a'e'ris

107 927 348 967 constitutio
384 924 606 974 concludi,
653 938 756 977 quae
799 926 925 964 etiam
962 923 1132 965 habetur
1168 925 1210 963 in
1247 924 1438 964 conclaui
1477 936 1563 964 me·

107 990 307 1031 diocriter
358 988 574 1042 tepefacto.
641 988 716 1029 His
763 989 914 1030 notatis
962 987 1121 1035 adnecti
1159 988 1292 1040 potest
1328 989 1453 1029 scalae
1488 987 1568 1039 hy-

105 1055 395 1109 grometricae,
431 1063 562 1106 prout
596 1054 638 1093 in
675 1052 930 1092 Barometris
966 1051 1071 1092 fieri>
1093 1051 1209 1099 solet,
1246 1052 1406 1103 tabella,
1430 1052 1566 1093 osten-

105 1119 207 1159 dens
239 1118 400 1160 variam
434 1117 543 1158 coeli
579 1117 828 1170 temperiem
863 1115 1013 1155 ficcam
1048 1126 1091 1155 et
1123 1115 1359 1158 humidam.

293 1245 397 1286 Non
443 1243 730 1297 acquieuimus
773 1242 921 1297 primis
973 1242 1272 1283 tentaminibus
1308 1243 1351 1283 in
1386 1241 1571 1284 Dmitri-

105 1310 221 1350 ewsk
253 1309 420 1359 habitis,
457 1322 636 1362 quorum
674 1308 966 1349 annotationes
1002 1308 1152 1347 iniuria
1189 1308 1390 1360 temporis
1434 1309 1574 1361 perie-

103 1383 226 1422 runt,
278 1375 448 1414 reduces
497 1371 745 1426 Petropolin
780 1372 1092 1425 adportauimus
1129 1370 1350 1412 nobiscum
1387 1371 1566 1414 nonnul-

91 1436 166 1483 ,los
201 1437 407 1478 eiusmodi
442 1437 597 1491 lapides
634 1436 785 1486 rudes,
837 1448 934 1476 cum
976 1435 1121 1490 quibus
1156 1434 1226 1475 hic
1263 1435 1403 1476 denuo
1438 1448 1569 1490 expe-

105 1500 285 1542 rimenta
320 1502 585 1549 instituimus,
622 1512 746 1552 atque
781 1500 1051 1541 diuturnitate
1089 1500 1292 1553 temporis
1328 1513 1417 1540 rem
1448 1513 1566 1540 com-

104 1562 283 1616 probare
318 1563 546 1604 voluimus.
613 1561 801 1617 Operam
844 1565 1034 1618 inprimis
1069 1564 1290 1614 dedimus,
1343 1574 1389 1603 vt
1424 1564 1565 1617 plures

106 1626 318 1681 capiamus
353 1626 679 1677 obseruationes,
713 1640 768 1669 ex
804 1629 952 1683 quibus
986 1628 1202 1683 sequentia
1229 1628 1530 1670 deriuauimus.

176 1766 216 1793 1.
283 1751 383 1806 Quo
410 1754 540 1796 discus
575 1754 721 1810 lapidis
759 1757 907 1807 maior,
942 1770 995 1798 eo
1033 1756 1183 1798 melius
1219 1757 1326 1798 ae'ris
1362 1757 1562 1798 mutatio-

296 1830 363 1858 nes
399 1819 580 1872 dignosci
614 1821 794 1875 possunt.

172 1925 211 1952 2.
280 1912 382 1967 Quo
417 1917 593 1963 tenuior,
625 1930 676 1958 eo
711 1918 760 1957 ad
795 1916 1085 1971 praestandum
1113 1917 1451 1970 Hygrometrum
1487 1930 1561 1971 ap-

295 1978 402 2029 tior;
447 1979 500 2018 ob
535 1981 751 2023 crassitiem
787 1982 901 2021 enim
938 1981 1078 2023 minus
1113 1981 1307 2023 sensibilis
1343 1981 1432 2032 est,
1485 1994 1561 2022 nec

294 2041 381 2082 cito
414 2043 653 2091 exsiccatur.

171 2149 213 2187 3.
279 2137 457 2191 Lapides
512 2138 591 2180 hos
639 2152 714 2193 per
758 2147 938 2194 quatuor
981 2153 1110 2183 annos
1164 2143 1441 2184 mutationem
1478 2150 1564 2179 non

839 2202 919 2243 Bb
957 2215 981 2252 3
1503 2202 1566 2243 su·
