1851 2474
666 183 780 236 mffiss
841 177 1036 239 >¹⁵6(
1099 181 1213 232 effi«

396 293 431 343 §-
474 303 542 342 14.
626 290 740 346 Quia
774 301 913 333 autem
947 292 1050 335 haec
1084 291 1279 344 aequatio
1323 298 1483 343 praeter
1517 290 1667 334 celeri-

211 363 315 396 tates
358 367 383 396 α
417 365 459 397 et
492 368 520 396 v
556 355 690 397 adhuc
743 356 950 397 elementa
1000 355 1028 395 d
1050 352 1091 408 Φ
1126 365 1167 395 et
1202 353 1232 394 d
1260 354 1304 405 ψ
1356 354 1566 405 continet,
1617 367 1665 397 ea

211 430 266 460 ex
302 417 462 459 calculo
497 418 651 472 expelli
685 428 870 472 oportet.
954 417 1064 459 Cum
1100 430 1200 470 ergo
1235 416 1282 456 fit
1314 413 1587 467 dmzudt
1622 430 1666 460 et

210 481 490 533 dxlazvdt,
527 483 607 521 erit
640 476 1408 535 dxp—dsp-:doezw—mdt,
1449 481 1559 522 vnde
1594 482 1667 523 fiet

349 557 479 596 dt:
521 548 579 574 ‘¹²'
624 583 635 602 ‚
687 554 868 605 hincque
923 551 1071 605 dm:
1102 547 1195 574 '‘d“
1242 562 1283 592 et
1318 553 1480 603 dxix:
1508 552 1605 580 ‘⁰⁰¹0’

494 594 612 612 v--u
1092 594 1206 612 v—u.
1501 590 1633 619 v-gu

209 637 362 693 quibus
391 636 603 678 valoribus
637 634 858 676 substitutis
894 636 973 675 erit
1009 637 1204 687 aequatio
1239 638 1449 690 postrema

395 703 1356 759 adu-i-hdvcofim-on.

1043 747 1157 766 v--u

209 791 361 845 Sitque
411 792 511 833 duas
562 790 765 831 habemus
818 790 1085 842 aequationes
1134 789 1244 829 inter
1281 798 1417 830 ternas
1451 791 1669 834 variabiles

211 869 266 905 v,
302 867 351 904 u,
385 865 427 898 et
452 867 504 905 ω;
538 855 647 895 vnde
684 863 823 895 totum
858 853 1074 906 negotium
1110 865 1161 893 eo
1194 851 1328 902 redit,
1363 864 1410 895 vt
1443 854 1564 895 binae
1599 868 1672 908 per

212 919 381 959 tertiam
429 917 693 959 definiantur.
780 916 923 971 Quem
957 917 1001 956 in
1036 915 1162 956 finem
1198 916 1241 954 in
1279 928 1333 956 eo
1365 918 1420 958 est
1455 917 1669 959 elaboran-

213 982 339 1031 dum,
374 991 445 1031 vt,
481 994 563 1021 vna
597 980 747 1021 harum
784 981 913 1020 trium
948 980 1228 1033 quantitatum
1263 978 1379 1028 elisa,
1415 981 1464 1022 ad
1499 981 1672 1022 vnicam

214 1045 526 1096 aequationem,
560 1044 676 1086 binas
712 1053 881 1086 tantum
914 1041 1134 1086 variabiles
1167 1041 1482 1096 inuoluentem,
1517 1044 1671 1088 solutio

212 1108 476 1164 perducatur.
835 1137 844 1164 ·.

400 1240 435 1286 ς.
478 1245 548 1284 15.
622 1235 707 1276 Hic
742 1235 911 1288 quidem
958 1233 1102 1286 primo
1136 1234 1303 1275 videtur
1337 1246 1391 1275 ex
1426 1232 1675 1287 aequatione

215 1302 333 1345 finita
366 1301 511 1356 quaeri
545 1300 657 1353 pofl‘e
690 1298 880 1339 valorem
915 1297 997 1337 cos.
1019 1313 1077 1345 ω,
1127 1299 1198 1350 qui
1232 1310 1331 1339 cum
1372 1297 1445 1338 suo
1479 1295 1679 1337 differen-

216 1366 306 1408 tiali
340 1366 383 1406 in
419 1364 548 1405 altera
581 1362 831 1415 aequatione
865 1359 1104 1401 substitutus
1155 1361 1407 1413 produceret
1459 1359 1678 1413 aequatio·

209 1443 319 1473 nem
369 1425 689 1471 differentialem
741 1424 851 1465 inter
901 1423 1016 1464 binas
1079 1423 1311 1464 celeritates
1347 1435 1371 1463 u
1406 1431 1448 1463 et
1480 1434 1534 1471 v,
1569 1432 1676 1474 quae

218 1502 361 1533 autem
414 1499 632 1543 tantopere
666 1488 748 1528 erit
781 1486 1002 1540 perplexa,
1054 1496 1101 1527 vt
1135 1485 1240 1526 nihil
1274 1485 1392 1540 plane
1423 1485 1524 1537 inde
1573 1495 1674 1524 con·

217 1555 330 1599 eludi
364 1562 504 1607 queat.
555 1551 718 1592 Verum
748 1550 790 1589 in
820 1550 947 1590 alium
977 1550 1151 1590 modum
1187 1550 1329 1597 incidi,
1365 1549 1414 1588 ad
1449 1549 1547 1587 duas
1583 1556 1675 1587 tan-

217 1628 309 1660 tum
343 1614 560 1658 variabiles
596 1613 883 1668 perueniemii,
918 1625 992 1666 per
1025 1611 1317 1665 aequationem
1353 1609 1489 1650 multo
1524 1609 1679 1663 fimpli-

218 1683 404 1729 ciorem,
456 1691 562 1732 quae
613 1686 757 1718 autem
813 1675 1088 1716 nihilominus
1130 1675 1189 1716 ita
1223 1674 1280 1715 est
1315 1682 1580 1726 comparata,
1629 1681 1680 1712 vt

218 1746 364 1786 omnia
398 1742 575 1784 artificia
609 1740 814 1793 analytica
848 1738 983 1780 adhuc
1019 1739 1187 1792 cognita
1219 1737 1363 1777 frustra
1379 1747 1459 1791 pro
1486 1749 1533 1775 ea
1559 1734 1678 1777 euol-

219 1808 356 1849 uenda
390 1808 432 1847 in
469 1804 690 1846 subfidium
726 1812 946 1844 vocentur.
1023 1801 1196 1842 Interim
1245 1809 1386 1840 tamen
1431 1798 1541 1838 haud
1580 1798 1678 1839 irm-

221 1872 292 1913 tile
326 1871 518 1919 videtur,
560 1867 669 1908 hanc
703 1866 837 1921 ipsum
889 1865 1180 1918 operationem
1231 1862 1302 1903 hic
1335 1863 1389 1904 ob
1423 1861 1568 1902 oculos
1603 1872 1682 1902 ex·

222 1947 402 1987 ponere,
436 1945 523 1987 quo
558 1932 705 1974 clarius
737 1938 899 1986 pateat,
919 1927 1157 1970 cuius-modi
1189 1926 1468 1969 incrementis
1484 1923 1679 1978 Analyfis

222 1997 356 2039 adhuc
390 1997 588 2051 indigeat.

327 2142 346 2191 ,π
405 2122 439 2170 ς.
481 2127 553 2163 16.
635 2122 718 2165 Hie
751 2122 899 2178 prirno-
927 2115 1064 2164 statim
1103 2123 1286 2177 pon-atur
1316 2120 1505 2175 πτερω
1539 2125 1582 2159 et
1613 2129 1681 2159 ae-

224 2190 367 2241 quatio
400 2184 486 2228 iam
520 2185 627 2228 erit:

1451 2260 1455 2265 ·
1509 2242 1675 2301 &app
