1851 2474
719 218 832 274 ν’ἓεὲἐ
898 213 1090 274 >232(
1155 216 1269 269 2⁹93<-

260 337 423 380 seruari.
470 334 747 386 Plerumque,
776 331 875 372 dum
907 331 1043 371 trunci
1073 342 1322 379 neruorum,
1351 342 1580 385 eorumque
1611 332 1715 373 rami

265 411 591 457 praeparantur,
627 397 686 437 illi
723 396 770 435 ab
798 397 918 435 omni
947 395 1138 436 cellulosa
1167 408 1291 446 quam
1321 396 1557 436 nitidiffime
1587 398 1714 450 depu-

262 478 421 507 tantur.
459 464 550 512 Est,
569 461 678 515 quafi
697 461 840 500 oculos
859 460 1045 500 laederet
1074 458 1341 498 intolerabilis
1368 458 1466 500 hinc
1496 461 1591 500 inde
1624 473 1716 501 ner-

262 542 321 570 vo
356 529 579 568 adhaerens
632 524 849 576 cellulosa3
903 537 977 564 nec
1021 523 1132 577 prius
1180 523 1343 574 quietus
1389 524 1546 564 animus
1599 524 1717 565 nobis

265 593 478 639 redditur,
513 602 637 644 quam
676 589 812 628 omnis
841 588 1016 640 prouide
1052 586 1099 626 fit
1137 584 1329 626 cellulosa
1363 597 1533 627 remota.
1600 587 1715 628 Tum

265 658 389 697 etiam
429 667 561 707 neque
605 653 784 706 figuram
821 651 956 700 redte,
993 662 1124 702 neque
1158 649 1371 688 craffitiem
1410 652 1549 698 nerui,
1586 665 1718 696 neque

265 732 442 761 neruum
482 718 668 757 nostrum
721 716 934 769 egregium
987 713 1145 767 ipsum,
1199 713 1288 752 satis
1332 712 1559 765 perspicere
1598 697 1720 767 atque

268 782 547 836 contemplari
582 782 694 834 posse
731 779 847 820 nobis
884 778 1102 825 videmur,
1157 776 1229 816 niti
1265 775 1460 815 liberatus
1497 790 1519 815 a
1555 778 1723 818 cellula-

269 849 305 889 (ει
341 847 504 900 penitus
542 844 601 884 fit.
671 844 889 884 Praeterea
924 853 965 882 et
1002 841 1198 886 musculi,
1253 852 1385 880 neruo
1421 840 1613 888 subiecti,
1648 854 1722 882 ex-

267 912 508 966 poliuntur,
560 908 671 961 quod
726 908 895 961 quidem
932 919 982 947 eo
1019 905 1149 957 magis
1186 904 1242 944 est
1279 904 1574 952 necessarium,
1626 917 1725 945 cum

270 976 317 1016 ad
356 973 537 1015 surculos
574 985 704 1025 vsque
741 971 1030 1011 minutiffimos
1078 981 1254 1009 neruum
1293 969 1477 1008 nostrum
1515 966 1730 1021 prosequi-

272 1052 376 1080 mur.
466 1036 533 1077 Sic
570 1037 687 1077 omni
742 1035 910 1076 vinculo
956 1034 1078 1074 soluti
1114 1044 1282 1072 truncus
1318 1042 1359 1071 et
1395 1033 1498 1071 rami
1535 1032 1725 1085 primarii

270 1116 322 1144 ex
354 1101 511 1142 sedibus
541 1100 618 1140 suis
656 1099 908 1140 naturalibus
945 1098 1064 1151 plane
1091 1097 1347 1136 auferuntur.
1400 1094 1579 1135 Funium
1617 1107 1727 1136 nunc

273 1167 397 1206 instar
433 1165 700 1205 extensorum
739 1164 830 1213 alii,
883 1162 949 1200 alii
985 1161 1180 1200 laxorum
1218 1161 1264 1199 ad
1303 1160 1502 1207 modum,
1538 1173 1562 1199 a
1594 1149 1730 1200 memss-

271 1231 371 1277 bro,
409 1230 475 1268 cui
510 1227 802 1272 inhaerebant,
847 1224 998 1263 remoti
1034 1233 1246 1275 apparent.
1326 1221 1433 1274 Quis
1468 1222 1564 1262 fitus
1603 1222 1727 1262 fucrit

271 1292 387 1333 nerui
424 1292 465 1330 in
502 1289 666 1342 fingulis
718 1287 900 1342 partibus
953 1282 1058 1326 suis?
1109 1298 1212 1338 quae
1247 1286 1337 1333 via,
1389 1298 1512 1337 quam
1549 1282 1727 1339 legerit?

271 1357 361 1411 quis
415 1355 593 1403 duetus,
645 1366 728 1406 quo
779 1352 900 1393 fuerit
950 1347 1203 1404 progressus?
1253 1349 1354 1389 haec
1407 1349 1550 1389 omnia
1594 1349 1728 1389 deleta

271 1433 379 1464 nunc
415 1419 529 1466 sunt,
582 1430 658 1456 nec
707 1428 890 1469 vnquam
945 1423 1142 1468 poterunt
1196 1413 1324 1454 rursus
1361 1413 1402 1451 iu
1439 1412 1521 1452 hoc
1556 1413 1725 1465 quidem

271 1496 451 1538 corpore
504 1481 748 1533 inuestigari.
832 1478 1050 1531 Superest,
1087 1487 1133 1517 vt
1169 1477 1282 1516 albos
1319 1485 1408 1516 tuos
1445 1478 1601 1516 neruos'
1648 1476 1725 1516 effe

270 1549 412 1588 videas
449 1557 489 1586 et
524 1545 802 1597 cylindricos,
855 1542 1209 1596 quemadmodum
1245 1540 1401 1581 caeteri
1437 1552 1601 1592 quoque
1638 1539 1727 1580 sunt

272 1614 389 1653 nerui
442 1610 629 1664 εοτροιὶε
681 1608 851 1649 humani
905 1619 1064 1647 omnes.
1130 1605 1276 1657 Atque
1310 1604 1352 1642 in
1390 1603 1482 1655 ipfis
1518 1603 1596 1642 illis
1634 1616 1729 1656 pro-

273 1674 515 1731 prietatibus
560 1672 727 1721 deletis,
781 1672 966 1713 maxime
1002 1671 1042 1710 in
1079 1669 1223 1718 (11ιᾶ11,
1260 1680 1343 1720 quo
1378 1679 1524 1707 netuus
1561 1679 1731 1720 progre-

274 1740 414 1787 ditur,
453 1739 608 1779 sumrra
644 1737 760 1778 nenui
796 1735 998 1788 elegantia
1033 1733 1224 1775 confistit.
1306 1730 1406 1771 Non
1441 1731 1593 1771 mirum
1629 1742 1730 1784 ergo

274 1804 353 1853 est,
390 1803 416 1843 fi
452 1803 556 1844 haec
595 1802 729 1842 minus
766 1801 891 1842 fuerit
926 1798 1155 1839 obseruata.

461 1929 655 1969 Tantum
695 1925 802 1965 abest
841 1935 979 1964 autem
1002 1953 1012 1972 ,
1049 1922 1150 1975 quin
1188 1930 1397 1968 neruum,
1450 1932 1473 1958 a
1508 1914 1731 1969 principio,

274 2004 322 2034 vt
356 1993 446 2033 fieri
483 1992 598 2040 solet,
636 1991 684 2030 ad
719 1989 843 2029 finem
882 2001 1010 2040 Vsque
1047 1987 1240 2029 solutum,
1282 1985 1322 2022 in
1360 1982 1571 2036 pristinam
1609 1977 1730 2032 poffis

276 2057 490 2098 restituere
526 2056 679 2104 sedem,
703 2063 750 2094 vt
785 2054 939 2107 potius,
975 2061 1088 2105 parte
1127 2050 1255 2090 modo
1291 2048 1377 2088 eius
1413 2045 1548 2098 aliqua
1581 2057 1606 2083 a
1641 2043 1731 2081 vin-

277 2120 373 2162 culo
408 2120 562 2164 soluta,
599 2128 710 2159 totus
760 2119 840 2158 iam
897 2117 1079 2169 perditus
1131 2113 1177 2153 s1t
1212 2113 1380 2160 ductus,
1417 2118 1610 2158 totusque
1645 2105 1730 2144 iam

278 2183 405 2226 faetus
440 2182 730 2236 irreparabilis.
800 2180 847 2220 In
883 2179 1045 2233 fiugulis
1088 2175 1294 2231 pund-tulis
1331 2175 1442 2214 enim
1480 2172 1635 2212 necesse
1675 2168 1731 2208 est

282 2258 330 2291 vt
381 2249 491 2289 sedes
542 2246 744 2288 habeatur
780 2246 899 2286 nemi
943 2246 1122 2285 immota
1157 2241 1206 2283 ad
1242 2240 1410 2281 ducstum
1447 2237 1533 2277 eius
1567 2243 1731 2334 xeneam,

1592 2297 1642 2335 du
1688 2306 1730 2334 us
