<?xml version="1.0" encoding="UTF-8"?>
<!DOCTYPE html PUBLIC "-//W3C//DTD XHTML 1.0 Transitional//EN"
    "http://www.w3.org/TR/xhtml1/DTD/xhtml1-transitional.dtd">
<html xmlns="http://www.w3.org/1999/xhtml" xml:lang="en" lang="en">
 <head>
  <title>
</title>
<meta http-equiv="Content-Type" content="text/html;charset=utf-8" />
  <meta name='ocr-system' content='tesseract 3.04.00' />
  <meta name='ocr-capabilities' content='ocr_page ocr_carea ocr_par ocr_line ocrx_word'/>
</head>
<body>
  <div class='ocr_page' id='page_1' title='image "./actaacademiae02impe_0316.png"; bbox 0 0 1851 2474; ppageno 0'>
   <div class='ocr_carea' id='block_1_1' title="bbox 711 164 1262 224">
    <p class='ocr_par' dir='ltr' id='par_1_1' title="bbox 711 164 1262 224">
     <span class='ocr_line' id='line_1_1' title="bbox 711 164 1262 224; baseline -0.002 -6"><span class='ocrx_word' id='word_1_1' title='bbox 711 170 822 219; x_wconf 58' lang='lat' dir='ltr'>-a‘ets</span> <span class='ocrx_word' id='word_1_2' title='bbox 889 164 1082 224; x_wconf 80' lang='lat'>&gt;196(</span> <span class='ocrx_word' id='word_1_3' title='bbox 1147 167 1262 218; x_wconf 62' lang='lat'><strong>3:03&lt;-</strong></span> 
     </span>
    </p>
   </div>
   <div class='ocr_carea' id='block_1_2' title="bbox 253 278 1716 908">
    <p class='ocr_par' dir='ltr' id='par_1_2' title="bbox 253 278 1716 908">
     <span class='ocr_line' id='line_1_2' title="bbox 437 278 1716 335; baseline -0.003 -13"><span class='ocrx_word' id='word_1_4' title='bbox 437 282 637 324; x_wconf 85' lang='lat' dir='ltr'>Alterum</span> <span class='ocrx_word' id='word_1_5' title='bbox 675 280 922 335; x_wconf 84' lang='lat' dir='ltr'>terminum,</span> <span class='ocrx_word' id='word_1_6' title='bbox 959 280 1143 320; x_wconf 87' lang='lat' dir='ltr'>summae</span> <span class='ocrx_word' id='word_1_7' title='bbox 1181 279 1333 320; x_wconf 86' lang='lat' dir='ltr'>scilicet</span> <span class='ocrx_word' id='word_1_8' title='bbox 1367 278 1568 327; x_wconf 75' lang='lat' dir='ltr'>siccitatis,</span> <span class='ocrx_word' id='word_1_9' title='bbox 1600 279 1716 318; x_wconf 90' lang='lat' dir='ltr'>inue-</span> 
     </span>
     <span class='ocr_line' id='line_1_3' title="bbox 257 343 1711 400; baseline 0.002 -17"><span class='ocrx_word' id='word_1_10' title='bbox 257 344 393 384; x_wconf 79' lang='lat' dir='ltr'>nimus</span> <span class='ocrx_word' id='word_1_11' title='bbox 431 345 683 400; x_wconf 84' lang='lat' dir='ltr'>exponendo</span> <span class='ocrx_word' id='word_1_12' title='bbox 725 344 907 399; x_wconf 77' lang='lat' dir='ltr'>lapidem</span> <span class='ocrx_word' id='word_1_13' title='bbox 953 345 1038 398; x_wconf 83' lang='lat' dir='ltr'>igni</span> <span class='ocrx_word' id='word_1_14' title='bbox 1075 345 1123 384; x_wconf 83' lang='lat' dir='ltr'>ad</span> <span class='ocrx_word' id='word_1_15' title='bbox 1160 344 1304 384; x_wconf 86' lang='lat' dir='ltr'>decem</span> <span class='ocrx_word' id='word_1_16' title='bbox 1344 343 1511 384; x_wconf 78' lang='lat' dir='ltr'>circiter</span> <span class='ocrx_word' id='word_1_17' title='bbox 1548 344 1711 386; x_wconf 83' lang='lat' dir='ltr'>minuta</span> 
     </span>
     <span class='ocr_line' id='line_1_4' title="bbox 256 408 1711 462; baseline 0.001 -15"><span class='ocrx_word' id='word_1_18' title='bbox 256 409 422 462; x_wconf 83' lang='lat' dir='ltr'>prima,</span> <span class='ocrx_word' id='word_1_19' title='bbox 474 421 515 450; x_wconf 92' lang='lat' dir='ltr'>et</span> <span class='ocrx_word' id='word_1_20' title='bbox 561 409 789 450; x_wconf 82' lang='lat' dir='ltr'>eximendo</span> <span class='ocrx_word' id='word_1_21' title='bbox 833 408 955 448; x_wconf 87' lang='lat' dir='ltr'>illum</span> <span class='ocrx_word' id='word_1_22' title='bbox 1001 409 1159 461; x_wconf 79' lang='lat' dir='ltr'>forcipe</span> <span class='ocrx_word' id='word_1_23' title='bbox 1196 408 1522 461; x_wconf 83' lang='lat' dir='ltr'>ponderauimus</span> <span class='ocrx_word' id='word_1_24' title='bbox 1560 421 1711 449; x_wconf 85' lang='lat' dir='ltr'>excan-</span> 
     </span>
     <span class='ocr_line' id='line_1_5' title="bbox 255 470 1714 527; baseline 0.002 -16"><span class='ocrx_word' id='word_1_25' title='bbox 255 472 503 513; x_wconf 83' lang='lat' dir='ltr'>descentem.</span> <span class='ocrx_word' id='word_1_26' title='bbox 570 470 774 526; x_wconf 79' lang='lat' dir='ltr'>Lapidem</span> <span class='ocrx_word' id='word_1_27' title='bbox 809 472 896 524; x_wconf 83' lang='lat' dir='ltr'>igni</span> <span class='ocrx_word' id='word_1_28' title='bbox 933 472 1134 524; x_wconf 80' lang='lat' dir='ltr'>paulatim</span> <span class='ocrx_word' id='word_1_29' title='bbox 1158 472 1383 512; x_wconf 84' lang='lat' dir='ltr'>admouere</span> <span class='ocrx_word' id='word_1_30' title='bbox 1405 472 1613 513; x_wconf 69' lang='lat' dir='ltr'>necess&#39;um</span> <span class='ocrx_word' id='word_1_31' title='bbox 1633 474 1714 527; x_wconf 84' lang='lat' dir='ltr'>est·‚</span> 
     </span>
     <span class='ocr_line' id='line_1_6' title="bbox 256 530 1713 588; baseline 0.002 -14"><span class='ocrx_word' id='word_1_32' title='bbox 256 535 351 575; x_wconf 88' lang='lat' dir='ltr'>alias</span> <span class='ocrx_word' id='word_1_33' title='bbox 404 537 518 576; x_wconf 88' lang='lat' dir='ltr'>enim</span> <span class='ocrx_word' id='word_1_34' title='bbox 564 549 659 577; x_wconf 89' lang='lat' dir='ltr'>cum</span> <span class='ocrx_word' id='word_1_35' title='bbox 714 535 877 587; x_wconf 82' lang='lat' dir='ltr'><strong>fragore</strong></span> <span class='ocrx_word' id='word_1_36' title='bbox 928 535 1226 587; x_wconf 68' lang='lat' dir='ltr'>disrumpimr,</span> <span class='ocrx_word' id='word_1_37' title='bbox 1279 543 1320 573; x_wconf 86' lang='lat' dir='ltr'>et</span> <span class='ocrx_word' id='word_1_38' title='bbox 1371 544 1417 573; x_wconf 87' lang='lat' dir='ltr'>vt</span> <span class='ocrx_word' id='word_1_39' title='bbox 1467 530 1713 588; x_wconf 74' lang='lat' dir='ltr'>ponderatio</span> 
     </span>
     <span class='ocr_line' id='line_1_7' title="bbox 253 597 1713 648; baseline 0.002 -11"><span class='ocrx_word' id='word_1_40' title='bbox 253 598 337 638; x_wconf 87' lang='lat' dir='ltr'>cito</span> <span class='ocrx_word' id='word_1_41' title='bbox 371 599 633 646; x_wconf 79' lang='lat' dir='ltr'>absoluatur,</span> <span class='ocrx_word' id='word_1_42' title='bbox 669 599 773 638; x_wconf 84' lang='lat' dir='ltr'>libra</span> <span class='ocrx_word' id='word_1_43' title='bbox 809 610 904 638; x_wconf 90' lang='lat' dir='ltr'>cum</span> <span class='ocrx_word' id='word_1_44' title='bbox 944 598 1150 637; x_wconf 76' lang='lat' dir='ltr'>sacomate</span> <span class='ocrx_word' id='word_1_45' title='bbox 1187 597 1447 648; x_wconf 83' lang='lat' dir='ltr'>aliquantum</span> <span class='ocrx_word' id='word_1_46' title='bbox 1482 599 1630 640; x_wconf 86' lang='lat' dir='ltr'>leuiori</span> <span class='ocrx_word' id='word_1_47' title='bbox 1666 600 1713 640; x_wconf 89' lang='lat' dir='ltr'>fit</span> 
     </span>
     <span class='ocr_line' id='line_1_8' title="bbox 255 659 1716 714; baseline 0.003 -14"><span class='ocrx_word' id='word_1_48' title='bbox 255 661 304 700; x_wconf 86' lang='lat' dir='ltr'>ad</span> <span class='ocrx_word' id='word_1_49' title='bbox 342 675 498 704; x_wconf 78' lang='lat' dir='ltr'>manus.</span> <span class='ocrx_word' id='word_1_50' title='bbox 569 663 663 703; x_wconf 86' lang='lat' dir='ltr'>Hoc</span> <span class='ocrx_word' id='word_1_51' title='bbox 699 662 826 702; x_wconf 85' lang='lat' dir='ltr'>etiam</span> <span class='ocrx_word' id='word_1_52' title='bbox 865 662 1203 714; x_wconf 79' lang='lat' dir='ltr'>experimentum</span> <span class='ocrx_word' id='word_1_53' title='bbox 1243 659 1302 699; x_wconf 86' lang='lat' dir='ltr'>bis</span> <span class='ocrx_word' id='word_1_54' title='bbox 1339 669 1381 699; x_wconf 84' lang='lat' dir='ltr'>et</span> <span class='ocrx_word' id='word_1_55' title='bbox 1414 671 1475 701; x_wconf 86' lang='lat' dir='ltr'>ter</span> <span class='ocrx_word' id='word_1_56' title='bbox 1494 675 1588 702; x_wconf 90' lang='lat' dir='ltr'>cum</span> <span class='ocrx_word' id='word_1_57' title='bbox 1610 676 1716 704; x_wconf 89' lang='lat' dir='ltr'>non-</span> 
     </span>
     <span class='ocr_line' id='line_1_9' title="bbox 254 724 1712 782; baseline 0.002 -17"><span class='ocrx_word' id='word_1_58' title='bbox 254 726 376 767; x_wconf 81' lang='lat' dir='ltr'>nullis</span> <span class='ocrx_word' id='word_1_59' title='bbox 412 727 616 782; x_wconf 82' lang='lat' dir='ltr'>lapidibus</span> <span class='ocrx_word' id='word_1_60' title='bbox 651 726 918 779; x_wconf 84' lang='lat' dir='ltr'>repetiimus,</span> <span class='ocrx_word' id='word_1_61' title='bbox 969 738 1015 765; x_wconf 85' lang='lat' dir='ltr'>ac</span> <span class='ocrx_word' id='word_1_62' title='bbox 1052 725 1213 778; x_wconf 84' lang='lat' dir='ltr'>semper</span> <span class='ocrx_word' id='word_1_63' title='bbox 1247 724 1412 777; x_wconf 87' lang='lat' dir='ltr'>pondus</span> <span class='ocrx_word' id='word_1_64' title='bbox 1447 724 1594 778; x_wconf 87' lang='lat' dir='ltr'>lapidis</span> <span class='ocrx_word' id='word_1_65' title='bbox 1629 740 1712 768; x_wconf 88' lang='lat' dir='ltr'>non</span> 
     </span>
     <span class='ocr_line' id='line_1_10' title="bbox 254 788 1715 844; baseline 0.003 -16"><span class='ocrx_word' id='word_1_66' title='bbox 254 790 327 829; x_wconf 85' lang='lat' dir='ltr'>nisi</span> <span class='ocrx_word' id='word_1_67' title='bbox 363 804 480 841; x_wconf 87' lang='lat' dir='ltr'>vno,</span> <span class='ocrx_word' id='word_1_68' title='bbox 526 791 594 831; x_wconf 83' lang='lat' dir='ltr'>vel</span> <span class='ocrx_word' id='word_1_69' title='bbox 629 788 763 843; x_wconf 79' lang='lat' dir='ltr'>sesqui</span> <span class='ocrx_word' id='word_1_70' title='bbox 795 802 958 843; x_wconf 83' lang='lat' dir='ltr'>grano,</span> <span class='ocrx_word' id='word_1_71' title='bbox 1006 802 1131 843; x_wconf 89' lang='lat' dir='ltr'>quem</span> <span class='ocrx_word' id='word_1_72' title='bbox 1169 790 1211 828; x_wconf 91' lang='lat' dir='ltr'>in</span> <span class='ocrx_word' id='word_1_73' title='bbox 1247 788 1344 843; x_wconf 82' lang='lat' dir='ltr'>igne</span> <span class='ocrx_word' id='word_1_74' title='bbox 1379 789 1547 844; x_wconf 84' lang='lat' dir='ltr'>perdit,</span> <span class='ocrx_word' id='word_1_75' title='bbox 1582 792 1715 833; x_wconf 87' lang='lat' dir='ltr'>minui</span> 
     </span>
     <span class='ocr_line' id='line_1_11' title="bbox 254 853 619 908; baseline 0.003 -15"><span class='ocrx_word' id='word_1_76' title='bbox 254 853 619 908; x_wconf 84' lang='lat' dir='ltr'>deprehendimus.</span> 
     </span>
    </p>
   </div>
   <div class='ocr_carea' id='block_1_3' title="bbox 254 980 1716 1293">
    <p class='ocr_par' dir='ltr' id='par_1_3' title="bbox 254 980 1716 1293">
     <span class='ocr_line' id='line_1_12' title="bbox 443 980 1715 1034; baseline -0.002 -8"><span class='ocrx_word' id='word_1_77' title='bbox 443 986 538 1026; x_wconf 88' lang='lat' dir='ltr'>Post</span> <span class='ocrx_word' id='word_1_78' title='bbox 573 984 928 1025; x_wconf 68' lang='lat' dir='ltr'>candefae‘tionem</span> <span class='ocrx_word' id='word_1_79' title='bbox 964 981 1244 1023; x_wconf 77' lang='lat' dir='ltr'>immersimus</span> <span class='ocrx_word' id='word_1_80' title='bbox 1281 982 1437 1022; x_wconf 80' lang='lat' dir='ltr'>iterum</span> <span class='ocrx_word' id='word_1_81' title='bbox 1468 980 1647 1034; x_wconf 81' lang='lat' dir='ltr'>Iapilem</span> <span class='ocrx_word' id='word_1_82' title='bbox 1672 984 1715 1024; x_wconf 87' lang='lat' dir='ltr'>in</span> 
     </span>
     <span class='ocr_line' id='line_1_13' title="bbox 254 1045 1715 1102; baseline -0.002 -12"><span class='ocrx_word' id='word_1_83' title='bbox 254 1062 420 1102; x_wconf 83' lang='lat' dir='ltr'>aquam,</span> <span class='ocrx_word' id='word_1_84' title='bbox 458 1061 504 1089; x_wconf 84' lang='lat' dir='ltr'>vt</span> <span class='ocrx_word' id='word_1_85' title='bbox 539 1050 678 1089; x_wconf 87' lang='lat' dir='ltr'>denuo</span> <span class='ocrx_word' id='word_1_86' title='bbox 714 1049 923 1088; x_wconf 88' lang='lat' dir='ltr'>summum</span> <span class='ocrx_word' id='word_1_87' title='bbox 961 1046 1220 1087; x_wconf 79' lang='lat' dir='ltr'>humiditatis</span> <span class='ocrx_word' id='word_1_88' title='bbox 1251 1047 1425 1099; x_wconf 85' lang='lat' dir='ltr'>gradum</span> <span class='ocrx_word' id='word_1_89' title='bbox 1452 1045 1715 1096; x_wconf 78' lang='lat' dir='ltr'>haberemus,</span> 
     </span>
     <span class='ocr_line' id='line_1_14' title="bbox 258 1110 1713 1166; baseline -0.001 -13"><span class='ocrx_word' id='word_1_90' title='bbox 258 1124 384 1166; x_wconf 87' lang='lat' dir='ltr'>atque</span> <span class='ocrx_word' id='word_1_91' title='bbox 435 1113 746 1153; x_wconf 85' lang='lat' dir='ltr'>obseruauimus</span> <span class='ocrx_word' id='word_1_92' title='bbox 799 1111 979 1163; x_wconf 79' lang='lat' dir='ltr'>lapidem</span> <span class='ocrx_word' id='word_1_93' title='bbox 1034 1110 1209 1149; x_wconf 88' lang='lat' dir='ltr'>eandem</span> <span class='ocrx_word' id='word_1_94' title='bbox 1255 1123 1387 1163; x_wconf 84' lang='lat' dir='ltr'>prope</span> <span class='ocrx_word' id='word_1_95' title='bbox 1436 1111 1713 1162; x_wconf 80' lang='lat' dir='ltr'>quantitatem</span> 
     </span>
     <span class='ocr_line' id='line_1_15' title="bbox 257 1171 1716 1229; baseline -0.001 -13"><span class='ocrx_word' id='word_1_96' title='bbox 257 1190 387 1229; x_wconf 84' lang='lat' dir='ltr'>aquae</span> <span class='ocrx_word' id='word_1_97' title='bbox 422 1178 638 1228; x_wconf 85' lang='lat' dir='ltr'>recipere,</span> <span class='ocrx_word' id='word_1_98' title='bbox 675 1187 722 1213; x_wconf 87' lang='lat' dir='ltr'>ac</span> <span class='ocrx_word' id='word_1_99' title='bbox 760 1173 789 1212; x_wconf 85' lang='lat' dir='ltr'>fi</span> <span class='ocrx_word' id='word_1_100' title='bbox 826 1185 909 1211; x_wconf 91' lang='lat' dir='ltr'>non</span> <span class='ocrx_word' id='word_1_101' title='bbox 944 1171 1040 1211; x_wconf 82' lang='lat' dir='ltr'>effet</span> <span class='ocrx_word' id='word_1_102' title='bbox 1075 1172 1264 1224; x_wconf 81' lang='lat' dir='ltr'>ignitus,</span> <span class='ocrx_word' id='word_1_103' title='bbox 1300 1182 1342 1212; x_wconf 89' lang='lat' dir='ltr'>et</span> <span class='ocrx_word' id='word_1_104' title='bbox 1379 1186 1463 1213; x_wconf 90' lang='lat' dir='ltr'>non</span> <span class='ocrx_word' id='word_1_105' title='bbox 1499 1174 1572 1213; x_wconf 84' lang='lat' dir='ltr'>nisi</span> <span class='ocrx_word' id='word_1_106' title='bbox 1606 1187 1716 1226; x_wconf 84' lang='lat' dir='ltr'>vno,</span> 
     </span>
     <span class='ocr_line' id='line_1_16' title="bbox 256 1235 1425 1293; baseline -0.003 -13"><span class='ocrx_word' id='word_1_107' title='bbox 256 1239 325 1279; x_wconf 83' lang='lat' dir='ltr'>vel</span> <span class='ocrx_word' id='word_1_108' title='bbox 363 1240 492 1293; x_wconf 85' lang='lat' dir='ltr'>sesqui</span> <span class='ocrx_word' id='word_1_109' title='bbox 529 1249 675 1291; x_wconf 77' lang='lat' dir='ltr'>grano,</span> <span class='ocrx_word' id='word_1_110' title='bbox 712 1246 757 1277; x_wconf 85' lang='lat' dir='ltr'>vt</span> <span class='ocrx_word' id='word_1_111' title='bbox 794 1245 917 1276; x_wconf 86' lang='lat' dir='ltr'>antea</span> <span class='ocrx_word' id='word_1_112' title='bbox 954 1235 1211 1285; x_wconf 85' lang='lat' dir='ltr'>monuimus,</span> <span class='ocrx_word' id='word_1_113' title='bbox 1247 1235 1425 1278; x_wconf 84' lang='lat' dir='ltr'>differre.</span> 
     </span>
    </p>
   </div>
   <div class='ocr_carea' id='block_1_4' title="bbox 255 1361 1717 1674">
    <p class='ocr_par' dir='ltr' id='par_1_4' title="bbox 255 1361 1717 1674">
     <span class='ocr_line' id='line_1_17' title="bbox 445 1361 1716 1416; baseline 0 -11"><span class='ocrx_word' id='word_1_114' title='bbox 445 1364 538 1405; x_wconf 91' lang='lat' dir='ltr'>Hoc</span> <span class='ocrx_word' id='word_1_115' title='bbox 575 1365 705 1404; x_wconf 89' lang='lat' dir='ltr'>modo</span> <span class='ocrx_word' id='word_1_116' title='bbox 743 1363 894 1403; x_wconf 80' lang='lat' dir='ltr'>notatis</span> <span class='ocrx_word' id='word_1_117' title='bbox 931 1361 975 1402; x_wconf 90' lang='lat' dir='ltr'>in</span> <span class='ocrx_word' id='word_1_118' title='bbox 1010 1370 1191 1415; x_wconf 82' lang='lat' dir='ltr'>Vtroque</span> <span class='ocrx_word' id='word_1_119' title='bbox 1224 1362 1524 1415; x_wconf 89' lang='lat' dir='ltr'>experimento</span> <span class='ocrx_word' id='word_1_120' title='bbox 1556 1365 1716 1416; x_wconf 90' lang='lat' dir='ltr'>ponde-</span> 
     </span>
     <span class='ocr_line' id='line_1_18' title="bbox 257 1426 1714 1481; baseline 0.001 -13"><span class='ocrx_word' id='word_1_121' title='bbox 257 1428 368 1468; x_wconf 88' lang='lat' dir='ltr'>ribus</span> <span class='ocrx_word' id='word_1_122' title='bbox 405 1427 552 1481; x_wconf 85' lang='lat' dir='ltr'>lapidis</span> <span class='ocrx_word' id='word_1_123' title='bbox 588 1440 644 1469; x_wconf 83' lang='lat' dir='ltr'>ex</span> <span class='ocrx_word' id='word_1_124' title='bbox 675 1429 770 1480; x_wconf 85' lang='lat' dir='ltr'>igne</span> <span class='ocrx_word' id='word_1_125' title='bbox 805 1437 847 1467; x_wconf 93' lang='lat' dir='ltr'>et</span> <span class='ocrx_word' id='word_1_126' title='bbox 881 1439 986 1480; x_wconf 85' lang='lat' dir='ltr'>aqua</span> <span class='ocrx_word' id='word_1_127' title='bbox 1020 1426 1275 1479; x_wconf 85' lang='lat' dir='ltr'>postremum</span> <span class='ocrx_word' id='word_1_128' title='bbox 1311 1427 1503 1475; x_wconf 83' lang='lat' dir='ltr'>exemti,</span> <span class='ocrx_word' id='word_1_129' title='bbox 1536 1426 1714 1470; x_wconf 85' lang='lat' dir='ltr'>habetur</span> 
     </span>
     <span class='ocr_line' id='line_1_19' title="bbox 255 1488 1716 1543; baseline 0 -11"><span class='ocrx_word' id='word_1_130' title='bbox 255 1500 369 1532; x_wconf 75' lang='lat' dir='ltr'>certa</span> <span class='ocrx_word' id='word_1_131' title='bbox 406 1493 624 1543; x_wconf 86' lang='lat' dir='ltr'>mensura,</span> <span class='ocrx_word' id='word_1_132' title='bbox 662 1491 728 1531; x_wconf 85' lang='lat' dir='ltr'>seu</span> <span class='ocrx_word' id='word_1_133' title='bbox 766 1490 898 1539; x_wconf 86' lang='lat' dir='ltr'>scala,</span> <span class='ocrx_word' id='word_1_134' title='bbox 936 1491 985 1530; x_wconf 90' lang='lat' dir='ltr'>ad</span> <span class='ocrx_word' id='word_1_135' title='bbox 1022 1502 1146 1542; x_wconf 86' lang='lat' dir='ltr'>quam</span> <span class='ocrx_word' id='word_1_136' title='bbox 1182 1488 1410 1529; x_wconf 86' lang='lat' dir='ltr'>humorem</span> <span class='ocrx_word' id='word_1_137' title='bbox 1449 1491 1491 1530; x_wconf 93' lang='lat' dir='ltr'>in</span> <span class='ocrx_word' id='word_1_138' title='bbox 1527 1493 1620 1531; x_wconf 80' lang='lat' dir='ltr'>ae‘re</span> <span class='ocrx_word' id='word_1_139' title='bbox 1656 1492 1716 1532; x_wconf 84' lang='lat' dir='ltr'>la-</span> 
     </span>
     <span class='ocr_line' id='line_1_20' title="bbox 257 1552 1717 1609; baseline 0 -14"><span class='ocrx_word' id='word_1_140' title='bbox 257 1564 415 1595; x_wconf 88' lang='lat' dir='ltr'>tentem</span> <span class='ocrx_word' id='word_1_141' title='bbox 452 1557 608 1595; x_wconf 84' lang='lat' dir='ltr'>referre</span> <span class='ocrx_word' id='word_1_142' title='bbox 646 1557 763 1603; x_wconf 84' lang='lat' dir='ltr'>licet:</span> <span class='ocrx_word' id='word_1_143' title='bbox 815 1554 1055 1596; x_wconf 84' lang='lat' dir='ltr'>Humiditas</span> <span class='ocrx_word' id='word_1_144' title='bbox 1092 1554 1205 1594; x_wconf 88' lang='lat' dir='ltr'>enim</span> <span class='ocrx_word' id='word_1_145' title='bbox 1243 1553 1350 1593; x_wconf 87' lang='lat' dir='ltr'>a&#39;e‘ris</span> <span class='ocrx_word' id='word_1_146' title='bbox 1385 1552 1550 1592; x_wconf 84' lang='lat' dir='ltr'>definiri</span> <span class='ocrx_word' id='word_1_147' title='bbox 1583 1555 1717 1609; x_wconf 86' lang='lat' dir='ltr'>potest</span> 
     </span>
     <span class='ocr_line' id='line_1_21' title="bbox 257 1616 1546 1674; baseline -0.002 -14"><span class='ocrx_word' id='word_1_148' title='bbox 257 1631 313 1660; x_wconf 86' lang='lat' dir='ltr'>ex</span> <span class='ocrx_word' id='word_1_149' title='bbox 350 1621 510 1660; x_wconf 83' lang='lat' dir='ltr'>ratione</span> <span class='ocrx_word' id='word_1_150' title='bbox 546 1620 755 1662; x_wconf 80' lang='lat' dir='ltr'>densitatis</span> <span class='ocrx_word' id='word_1_151' title='bbox 791 1631 998 1674; x_wconf 87' lang='lat' dir='ltr'>vaporum</span> <span class='ocrx_word' id='word_1_152' title='bbox 1035 1618 1082 1658; x_wconf 85' lang='lat' dir='ltr'>ad</span> <span class='ocrx_word' id='word_1_153' title='bbox 1120 1616 1365 1657; x_wconf 81' lang='lat' dir='ltr'>denfitatem</span> <span class='ocrx_word' id='word_1_154' title='bbox 1402 1629 1546 1669; x_wconf 80' lang='lat' dir='ltr'>aquae.</span> 
     </span>
    </p>
   </div>
   <div class='ocr_carea' id='block_1_5' title="bbox 253 1744 1541 1989">
    <p class='ocr_par' dir='ltr' id='par_1_5' title="bbox 444 1744 1534 1803">
     <span class='ocr_line' id='line_1_22' title="bbox 444 1744 1534 1803; baseline -0.006 -13"><span class='ocrx_word' id='word_1_155' title='bbox 444 1747 508 1791; x_wconf 87' lang='lat' dir='ltr'>Sit</span> <span class='ocrx_word' id='word_1_156' title='bbox 541 1748 704 1803; x_wconf 86' lang='lat' dir='ltr'>pondus</span> <span class='ocrx_word' id='word_1_157' title='bbox 740 1746 886 1800; x_wconf 84' lang='lat' dir='ltr'>lapidis</span> <span class='ocrx_word' id='word_1_158' title='bbox 922 1759 977 1787; x_wconf 87' lang='lat' dir='ltr'>ex</span> <span class='ocrx_word' id='word_1_159' title='bbox 1013 1759 1120 1799; x_wconf 87' lang='lat' dir='ltr'>aqua</span> <span class='ocrx_word' id='word_1_160' title='bbox 1155 1745 1388 1784; x_wconf 66' lang='lat' dir='ltr'>extractum</span> <span class='ocrx_word' id='word_1_161' title='bbox 1425 1758 1480 1785; x_wconf 70' lang='lat' dir='ltr'><strong><em>z</em></strong></span> <span class='ocrx_word' id='word_1_162' title='bbox 1501 1744 1534 1784; x_wconf 91' lang='lat' dir='ltr'>P</span> 
     </span>
    </p>

    <p class='ocr_par' dir='ltr' id='par_1_6' title="bbox 878 1818 1536 1861">
     <span class='ocr_line' id='line_1_23' title="bbox 878 1818 1536 1861; baseline 0 -11"><span class='ocrx_word' id='word_1_163' title='bbox 878 1819 919 1850; x_wconf 88' lang='lat' dir='ltr'>et</span> <span class='ocrx_word' id='word_1_164' title='bbox 954 1821 1008 1850; x_wconf 83' lang='lat' dir='ltr'>ex</span> <span class='ocrx_word' id='word_1_165' title='bbox 1043 1820 1137 1861; x_wconf 84' lang='lat' dir='ltr'>igne</span> <span class='ocrx_word' id='word_1_166' title='bbox 1173 1818 1392 1848; x_wconf 88' lang='lat' dir='ltr'>exemtum</span> <span class='ocrx_word' id='word_1_167' title='bbox 1429 1821 1482 1848; x_wconf 65' lang='grc' dir='ltr'>ε</span> <span class='ocrx_word' id='word_1_168' title='bbox 1505 1824 1536 1850; x_wconf 84' lang='grc' dir='ltr'>π</span> 
     </span>
    </p>

    <p class='ocr_par' dir='ltr' id='par_1_7' title="bbox 471 1871 1539 1930">
     <span class='ocr_line' id='line_1_24' title="bbox 471 1871 1539 1930; baseline -0.005 -14"><span class='ocrx_word' id='word_1_169' title='bbox 471 1877 634 1930; x_wconf 86' lang='lat' dir='ltr'>pondus</span> <span class='ocrx_word' id='word_1_170' title='bbox 670 1874 852 1927; x_wconf 88' lang='lat' dir='ltr'>quodam</span> <span class='ocrx_word' id='word_1_171' title='bbox 890 1883 1080 1925; x_wconf 82' lang='lat' dir='ltr'>tempore</span> <span class='ocrx_word' id='word_1_172' title='bbox 1116 1871 1381 1912; x_wconf 77' lang='lat' dir='ltr'>obseruatum</span> <span class='ocrx_word' id='word_1_173' title='bbox 1417 1871 1539 1926; x_wconf 77' lang='lat' dir='ltr'>:Q</span> 
     </span>
    </p>

    <p class='ocr_par' dir='ltr' id='par_1_8' title="bbox 253 1935 1541 1989">
     <span class='ocr_line' id='line_1_25' title="bbox 253 1935 1541 1989; baseline -0.003 -10"><span class='ocrx_word' id='word_1_174' title='bbox 253 1948 301 1979; x_wconf 86' lang='lat' dir='ltr'>-et</span> <span class='ocrx_word' id='word_1_175' title='bbox 335 1939 564 1981; x_wconf 87' lang='lat' dir='ltr'>humiditas</span> <span class='ocrx_word' id='word_1_176' title='bbox 594 1939 698 1980; x_wconf 80' lang='lat' dir='ltr'>a’e&#39;ris</span> <span class='ocrx_word' id='word_1_177' title='bbox 719 1938 816 1978; x_wconf 90' lang='lat' dir='ltr'>huic</span> <span class='ocrx_word' id='word_1_178' title='bbox 836 1935 1117 1978; x_wconf 70' lang='lat' dir='ltr'>obseruationi</span> <span class='ocrx_word' id='word_1_179' title='bbox 1139 1936 1479 1989; x_wconf 75' lang='lat' dir='ltr'>respondens—</span> <span class='ocrx_word' id='word_1_180' title='bbox 1425 1949 1479 1955; x_wconf 83' lang='grc'>-·</span> <span class='ocrx_word' id='word_1_181' title='bbox 1499 1935 1541 1975; x_wconf 89' lang='grc' dir='ltr'>Η</span> 
     </span>
    </p>
   </div>
   <div class='ocr_carea' id='block_1_6' title="bbox 402 2011 1562 2118">
    <p class='ocr_par' dir='ltr' id='par_1_9' title="bbox 402 2011 1562 2118">
     <span class='ocr_line' id='line_1_26' title="bbox 402 2011 1562 2118; baseline -0.002 -64"><span class='ocrx_word' id='word_1_182' title='bbox 402 2017 479 2056; x_wconf 85' lang='lat' dir='ltr'>erit</span> <span class='ocrx_word' id='word_1_183' title='bbox 513 2016 556 2056; x_wconf 96' lang='lat' dir='ltr'>H</span> <span class='ocrx_word' id='word_1_184' title='bbox 575 2030 627 2056; x_wconf 67' lang='lat' dir='ltr'><em>z</em></span> <span class='ocrx_word' id='word_1_185' title='bbox 649 2051 665 2074; x_wconf 68' lang='lat' dir='ltr'>P</span> <span class='ocrx_word' id='word_1_186' title='bbox 648 2023 766 2073; x_wconf 52' lang='lat' dir='ltr'>‘&#39;Z—‘w</span> <span class='ocrx_word' id='word_1_187' title='bbox 742 2016 796 2067; x_wconf 65' lang='grc' dir='ltr'>π’,</span> <span class='ocrx_word' id='word_1_188' title='bbox 828 2014 898 2054; x_wconf 85' lang='lat' dir='ltr'>vel</span> <span class='ocrx_word' id='word_1_189' title='bbox 931 2012 1129 2118; x_wconf 78' lang='lat' dir='ltr'>ponendo</span> <span class='ocrx_word' id='word_1_190' title='bbox 1165 2011 1192 2054; x_wconf 89' lang='lat' dir='ltr'>P</span> <span class='ocrx_word' id='word_1_191' title='bbox 1209 2036 1251 2042; x_wconf 98' lang='lat'>—</span> <span class='ocrx_word' id='word_1_192' title='bbox 1271 2025 1376 2053; x_wconf 74' lang='lat' dir='ltr'>‘n’-</span> <span class='ocrx_word' id='word_1_193' title='bbox 1321 2046 1377 2053; x_wconf 77' lang='grc'>-.</span> <span class='ocrx_word' id='word_1_194' title='bbox 1394 2011 1446 2052; x_wconf 93' lang='grc' dir='ltr'>Μ</span> <span class='ocrx_word' id='word_1_195' title='bbox 1481 2012 1562 2053; x_wconf 86' lang='lat' dir='ltr'>eiit</span> 
     </span>
    </p>
   </div>
   <div class='ocr_carea' id='block_1_7' title="bbox 384 2094 919 2160">
    <p class='ocr_par' dir='ltr' id='par_1_10' title="bbox 384 2094 919 2160">
     <span class='ocr_line' id='line_1_27' title="bbox 384 2094 919 2160; baseline -0.002 -23.956"><span class='ocrx_word' id='word_1_196' title='bbox 384 2094 919 2160; x_wconf 41' lang='lat' dir='ltr'>H—Q-w—-IpQ-</span> 
     </span>
    </p>
   </div>
   <div class='ocr_carea' id='block_1_8' title="bbox 540 2126 651 2132">
    <p class='ocr_par' dir='ltr' id='par_1_11' title="bbox 540 2126 651 2132">
     <span class='ocr_line' id='line_1_28' title="bbox 540 2126 651 2132; baseline 0 0"><span class='ocrx_word' id='word_1_197' title='bbox 540 2126 651 2132; x_wconf 95' lang='lat' dir='ltr'> </span> 
     </span>
    </p>
   </div>
   <div class='ocr_carea' id='block_1_9' title="bbox 260 2176 1720 2291">
    <p class='ocr_par' dir='ltr' id='par_1_12' title="bbox 260 2176 1720 2291">
     <span class='ocr_line' id='line_1_29' title="bbox 260 2176 1718 2241; baseline 0.003 -24"><span class='ocrx_word' id='word_1_198' title='bbox 260 2177 330 2218; x_wconf 86' lang='lat' dir='ltr'>vbi</span> <span class='ocrx_word' id='word_1_199' title='bbox 364 2204 411 2238; x_wconf 58' lang='lat' dir='ltr'>ff</span> <span class='ocrx_word' id='word_1_200' title='bbox 446 2189 486 2219; x_wconf 88' lang='lat' dir='ltr'>et</span> <span class='ocrx_word' id='word_1_201' title='bbox 518 2180 565 2241; x_wconf 46' lang='grc' dir='ltr'><strong>ᾗ</strong></span> <span class='ocrx_word' id='word_1_202' title='bbox 608 2182 699 2222; x_wconf 87' lang='lat' dir='ltr'>sunt</span> <span class='ocrx_word' id='word_1_203' title='bbox 742 2181 911 2223; x_wconf 86' lang='lat' dir='ltr'>termini</span> <span class='ocrx_word' id='word_1_204' title='bbox 955 2180 1200 2221; x_wconf 85' lang='lat' dir='ltr'>constantes.</span> <span class='ocrx_word' id='word_1_205' title='bbox 1290 2176 1354 2223; x_wconf 90' lang='lat' dir='ltr'>Sit</span> <span class='ocrx_word' id='word_1_206' title='bbox 1388 2192 1518 2236; x_wconf 86' lang='lat' dir='ltr'>porro</span> <span class='ocrx_word' id='word_1_207' title='bbox 1552 2181 1718 2235; x_wconf 82' lang='lat' dir='ltr'>pondus</span> 
     </span>
     <span class='ocr_line' id='line_1_30' title="bbox 1612 2252 1720 2291; baseline -0.009 0"><span class='ocrx_word' id='word_1_208' title='bbox 1612 2252 1720 2291; x_wconf 87' lang='lat' dir='ltr'>eius·</span> 
     </span>
    </p>
   </div>
  </div>
 </body>
</html>
