1851 2474
705 241 820 293 »52³1ss
883 236 1080 296 )228(
1142 240 1256 292 ἓῖεέω

438 353 486 395 Jn
523 353 709 395 vericulis
758 353 889 394 felleis
941 352 1134 393 humanis
1182 351 1391 392 nonnullis
1428 351 1475 391 ad
1521 351 1701 404 collum,

250 417 317 459 vel
353 418 481 459 etiam
518 418 566 458 ad
603 419 785 472 aliquam
820 419 1009 471 corporis
1045 425 1206 470 partem
1243 416 1517 468 postremam,
1570 417 1702 458 collo·

249 494 331 536 que
367 483 634 536 proximam,
662 482 860 536 ‘egregiae
888 482 998 522 intus
1033 480 1164 534 plicae
1199 479 1459 531 reperiuntur
1495 489 1703 521 transuer-

249 546 371 604 sales‚
409 555 479 586 aut
512 545 597 586 fere
634 546 822 600 spira-les,
857 545 1072 597 insigniter
1107 542 1339 584 eminentes
1360 546 1414 583 'et
1449 544 1702 597 marginibus

250 610 404 658 acutis,
457 610 605 662 quibus
641 611 684 649 in
720 610 951 649 cauitatem
1006 607 1257 660 respiciunt,
1311 607 1571 648 terminatae.
1654 607 1702 648 In

247 672 334 712 aliis
371 673 506 714 nullae
543 673 635 713 sunt
669 672 877 713 eiusmodi
924 669 1079 724 plicae,
1115 678 1207 718 aut,
1261 668 1288 708 fi
1325 682 1428 721 quae
1463 670 1575 720 sunt,
1610 685 1703 726 par-

246 749 324 777 vae
362 738 455 778 sunt
492 747 534 777 et
569 737 736 778 obtusae
769 746 809 777 et
845 747 969 788 rugae
1005 734 1143 788 potius
1179 745 1306 786 quam
1344 732 1490 785 plicae.
1554 734 1617 776 Vt
1652 748 1704 776 v-

244 801 307 841 sus
344 812 483 842 autem
522 801 669 854 procul
704 801 832 841 dubio
869 799 1015 851 aliquis
1045 797 1096 838 ess
1135 796 1284 837 harum
1320 796 1523 848 plicarum
1559 797 1599 836 in
1635 811 1702 840 re-

244 865 447 905 moranda
483 874 606 917 atque
641 866 684 905 in
721 863 904 904 acuenda
934 863 1040 914 bile3
1073 870 1188 915 patet
1223 862 1266 900 in
1302 859 1395 900 solis
1431 859 1509 900 illis
1544 860 1703 901 vesicu-

241 928 316 976 lis‚
353 942 458 982 quae
493 929 617 982 plicas
653 928 806 969 habent
843 927 1019 968 maiores
1065 925 1399 979 copiofioresque
1434 932 1475 963 et
1512 924 1703 964 eminen-

244 992 398 1042 tiores,
434 1005 579 1033 veram
617 994 693 1033 effe
730 993 974 1034 ilrucluram
1009 989 1264 1045 humanam,
1300 997 1484 1030 caeteras
1521 986 1598 1028 effe
1627 999 1701 1030 ex-

242 1055 441 1111 emplaria
476 1056 725 1099 defectuosa.

429 1216 497 1258 Sic
532 1217 698 1258 valuula
732 1229 863 1257 venae
898 1215 1141 1256 coronariae
1192 1229 1366 1269 magnae
1401 1219 1444 1259 in
1481 1221 1569 1262 aliis
1606 1237 1708 1266 cor-v

242 1281 360 1321 dibus
395 1280 523 1321 latior
557 1281 765 1334 reperitur
799 1279 1035 1333 largiorque
1072 1288 1115 1318 et
1151 1278 1345 1333 breuior3
1397 1286 1605 1338 reperitur
1640 1297 1698 1330 te-

240 1346 365 1385 nuior
396 1345 516 1385 simul
551 1356 596 1386 et
630 1344 892 1386 foraminulis
929 1355 1096 1396 quoque
1132 1344 1321 1385 rotundis
1357 1348 1546 1400 pertusa,
1581 1352 1697 1393 velu-

241 1410 275 1449 ti
309 1409 350 1448 in
389 1421 440 1449 eo
478 1409 680 1463 exemplo
715 1409 814 1459 fuit,
863 1408 977 1448 cuius
1011 1409 1179 1447 iconem
1214 1408 1256 1447 in
1293 1410 1417 1450 citata
1451 1412 1501 1452 de
1535 1414 1699 1456 orificio

239 1473 524 1513 dissertatione
559 1473 666 1533 dedi.
734 1473 781 1513 Iu
818 1472 905 1512 aliis
942 1481 1089 1511 contra
1123 1472 1331 1524 angustior
1363 1484 1406 1513 et
1440 1475 1604 1529 longior
1640 1470 1696 1520 est

240 1546 283 1577 et
318 1536 482 1591 planior
515 1536 636 1578 fimul
670 1549 711 1578 et
746 1537 912 1578 craffior
946 1545 987 1576 et
1020 1535 1313 1588 integerrima;
1363 1537 1481 1578 velut
1524 1553 1615 1581 eam
1651 1543 1695 1582 in

239 1613 289 1641 ea
335 1601 458 1642 icone
502 1602 637 1642 cordis
688 1601 846 1650 habeo,
898 1600 1010 1653 quod
1045 1599 1200 1651 publici
1236 1600 1334 1639 iuris
1371 1612 1456 1641 non
1493 1602 1587 1644 feci.
1654 1605 1701 1647 Si

240 1664 428 1705 animum
480 1666 667 1705 aduertas
721 1667 770 1706 ad
806 1664 922 1707 vsum
959 1663 1081 1703 huius
1127 1661 1338 1712 valuulae‚
1395 1677 1522 1718 quem
1559 1669 1698 1710 minu-

241 1729 321 1768 tius
357 1730 400 1768 in
435 1729 504 1768 illa
554 1729 831 1776 dissertatione
883 1727 1092 1781 explicui,
1144 1736 1187 1766 et
1233 1727 1303 1779 qui
1349 1727 1391 1766 in
1434 1729 1695 1775 defendendo

239 1792 405 1834 orificio
440 1802 586 1833 contra
620 1793 861 1846 sanguinem
904 1791 1085 1832 consistit
1130 1790 1360 1839 auriculae,
1410 1792 1452 1830 in
1489 1794 1593 1836 latus
1631 1811 1697 1839 ca-

239 1857 342 1897 nalis
398 1859 653 1911 irruentem,
705 1857 840 1897 multo
883 1854 1101 1908 perspicies
1139 1853 1348 1905 aptiorem
1385 1856 1463 1896 effe
1498 1860 1546 1898 ad
1584 1860 1696 1902 hunc

237 1920 357 1961 vsum
403 1935 520 1972 eam,
576 1935 682 1975 quae
716 1920 923 1975 angustior
959 1927 1000 1957 et
1034 1916 1225 1969 longior,
1267 1925 1465 1972 ‘quaeque
1518 1922 1697 1967 strjfflor

238 1994 282 2023 et
318 1986 482 2038 planior
517 1995 560 2026 et
604 1986 767 2027 craffior
811 1983 866 2023 est
911 1995 981 2029 ea,
1034 1992 1141 2032 quae
1192 1980 1319 2020 latior
1354 1984 1408 2023 est
1445 1984 1697 2042 breuiorque

238 2056 360 2100 atque
397 2052 579 2090 tenuior.
647 2050 722 2091 Illa
755 2049 896 2100 itaque
931 2058 1030 2086 vera
1067 2056 1214 2084 norma
1243 2045 1297 2084 est
1333 2046 1510 2089 fabricae
1546 2052 1696 2094 huma-

239 2123 329 2154 nae.
397 2110 600 2160 Ceterae,
636 2126 722 2167 quo
755 2111 886 2164 magis
918 2110 968 2150 ab
996 2109 1065 2149 illa
1093 2109 1320 2159 recedunt,
1355 2123 1441 2164 quo
1474 2114 1567 2155 sunt
1602 2116 1696 2157 bre-

239 2175 377 2217 viores
412 2176 667 2230 latioresque
702 2188 871 2231 quoque
902 2173 1033 2228 magis
1070 2172 1273 2213 accedunt
1309 2175 1358 2215 ad
1392 2175 1568 2229 figuram
1606 2180 1695 2221 val-
1753 2221 1768 2230 Ι,

239 2239 362 2281 vulae
405 2240 692 2295 semilunar153
719 2294 721 2297 ι
744 2253 796 2281 eo
831 2239 923 2280 sunt
957 2238 1088 2292 mag-is
1123 2236 1307 2278 vitiosae.
1394 2238 1535 2295 Quam
1572 2245 1692 2298 pinxi

1648 2319 1692 2346 m
